%YAML 1.1
%TAG !u! tag:unity3d.com,2011:
--- !u!1 &7675104146801076131
GameObject:
  m_ObjectHideFlags: 0
  m_CorrespondingSourceObject: {fileID: 0}
  m_PrefabInstance: {fileID: 0}
  m_PrefabAsset: {fileID: 0}
  serializedVersion: 6
  m_Component:
  - component: {fileID: 3422325766137513987}
  - component: {fileID: 2138365424454972847}
  - component: {fileID: 9178667686343616862}
  - component: {fileID: 4469467573674526641}
  - component: {fileID: 73588984947359085}
  m_Layer: 0
  m_Name: SmallArrow
  m_TagString: Untagged
  m_Icon: {fileID: 0}
  m_NavMeshLayer: 0
  m_StaticEditorFlags: 0
  m_IsActive: 1
--- !u!4 &3422325766137513987
Transform:
  m_ObjectHideFlags: 0
  m_CorrespondingSourceObject: {fileID: 0}
  m_PrefabInstance: {fileID: 0}
  m_PrefabAsset: {fileID: 0}
  m_GameObject: {fileID: 7675104146801076131}
  m_LocalRotation: {x: 0, y: 0, z: 0, w: 1}
  m_LocalPosition: {x: -0.0854731, y: 0.11914417, z: 0.30052665}
  m_LocalScale: {x: 0.05, y: 0.5, z: 0.05}
  m_Children: []
  m_Father: {fileID: 0}
  m_RootOrder: 0
  m_LocalEulerAnglesHint: {x: 0, y: 0, z: 0}
--- !u!33 &2138365424454972847
MeshFilter:
  m_ObjectHideFlags: 0
  m_CorrespondingSourceObject: {fileID: 0}
  m_PrefabInstance: {fileID: 0}
  m_PrefabAsset: {fileID: 0}
  m_GameObject: {fileID: 7675104146801076131}
  m_Mesh: {fileID: 0}
--- !u!23 &9178667686343616862
MeshRenderer:
  m_ObjectHideFlags: 0
  m_CorrespondingSourceObject: {fileID: 0}
  m_PrefabInstance: {fileID: 0}
  m_PrefabAsset: {fileID: 0}
  m_GameObject: {fileID: 7675104146801076131}
  m_Enabled: 1
  m_CastShadows: 1
  m_ReceiveShadows: 1
  m_DynamicOccludee: 1
  m_MotionVectors: 1
  m_LightProbeUsage: 1
  m_ReflectionProbeUsage: 1
  m_RayTracingMode: 2
  m_RenderingLayerMask: 1
  m_RendererPriority: 0
  m_Materials:
  - {fileID: 2100000, guid: c22777d6e868e4f2fb421913386b154e, type: 2}
  m_StaticBatchInfo:
    firstSubMesh: 0
    subMeshCount: 0
  m_StaticBatchRoot: {fileID: 0}
  m_ProbeAnchor: {fileID: 0}
  m_LightProbeVolumeOverride: {fileID: 0}
  m_ScaleInLightmap: 1
  m_ReceiveGI: 1
  m_PreserveUVs: 0
  m_IgnoreNormalsForChartDetection: 0
  m_ImportantGI: 0
  m_StitchLightmapSeams: 1
  m_SelectedEditorRenderState: 2
  m_MinimumChartSize: 4
  m_AutoUVMaxDistance: 0.5
  m_AutoUVMaxAngle: 89
  m_LightmapParameters: {fileID: 0}
  m_SortingLayerID: 0
  m_SortingLayer: 0
  m_SortingOrder: 0
--- !u!114 &4469467573674526641
MonoBehaviour:
  m_ObjectHideFlags: 0
  m_CorrespondingSourceObject: {fileID: 0}
  m_PrefabInstance: {fileID: 0}
  m_PrefabAsset: {fileID: 0}
  m_GameObject: {fileID: 7675104146801076131}
  m_Enabled: 1
  m_EditorHideFlags: 0
  m_Script: {fileID: 11500000, guid: 8233d90336aea43098adf6dbabd606a2, type: 3}
  m_Name: 
  m_EditorClassIdentifier: 
  m_MeshFormatVersion: 1
  m_Faces:
  - m_Indexes: 000000000100000002000000010000000300000002000000
    m_SmoothingGroup: 1
    m_Uv:
      m_UseWorldSpace: 0
      m_FlipU: 0
      m_FlipV: 0
      m_SwapUV: 0
      m_Fill: 1
      m_Scale: {x: 1, y: 1}
      m_Offset: {x: 0, y: 0}
      m_Rotation: 0
      m_Anchor: 9
    m_Material: {fileID: 0}
    m_SubmeshIndex: 0
    m_ManualUV: 0
    elementGroup: -1
    m_TextureGroup: -1
  - m_Indexes: 040000000500000006000000050000000700000006000000
    m_SmoothingGroup: 1
    m_Uv:
      m_UseWorldSpace: 0
      m_FlipU: 0
      m_FlipV: 0
      m_SwapUV: 0
      m_Fill: 1
      m_Scale: {x: 1, y: 1}
      m_Offset: {x: 0, y: 0}
      m_Rotation: 0
      m_Anchor: 9
    m_Material: {fileID: 0}
    m_SubmeshIndex: 0
    m_ManualUV: 0
    elementGroup: -1
    m_TextureGroup: -1
  - m_Indexes: 08000000090000000a000000090000000b0000000a000000
    m_SmoothingGroup: 1
    m_Uv:
      m_UseWorldSpace: 0
      m_FlipU: 0
      m_FlipV: 0
      m_SwapUV: 0
      m_Fill: 1
      m_Scale: {x: 1, y: 1}
      m_Offset: {x: 0, y: 0}
      m_Rotation: 0
      m_Anchor: 9
    m_Material: {fileID: 0}
    m_SubmeshIndex: 0
    m_ManualUV: 0
    elementGroup: -1
    m_TextureGroup: -1
  - m_Indexes: 0c0000000d0000000e0000000d0000000f0000000e000000
    m_SmoothingGroup: 1
    m_Uv:
      m_UseWorldSpace: 0
      m_FlipU: 0
      m_FlipV: 0
      m_SwapUV: 0
      m_Fill: 1
      m_Scale: {x: 1, y: 1}
      m_Offset: {x: 0, y: 0}
      m_Rotation: 0
      m_Anchor: 9
    m_Material: {fileID: 0}
    m_SubmeshIndex: 0
    m_ManualUV: 0
    elementGroup: -1
    m_TextureGroup: -1
  - m_Indexes: 100000001100000012000000110000001300000012000000
    m_SmoothingGroup: 1
    m_Uv:
      m_UseWorldSpace: 0
      m_FlipU: 0
      m_FlipV: 0
      m_SwapUV: 0
      m_Fill: 1
      m_Scale: {x: 1, y: 1}
      m_Offset: {x: 0, y: 0}
      m_Rotation: 0
      m_Anchor: 9
    m_Material: {fileID: 0}
    m_SubmeshIndex: 0
    m_ManualUV: 0
    elementGroup: -1
    m_TextureGroup: -1
  - m_Indexes: 140000001500000016000000150000001700000016000000
    m_SmoothingGroup: 1
    m_Uv:
      m_UseWorldSpace: 0
      m_FlipU: 0
      m_FlipV: 0
      m_SwapUV: 0
      m_Fill: 1
      m_Scale: {x: 1, y: 1}
      m_Offset: {x: 0, y: 0}
      m_Rotation: 0
      m_Anchor: 9
    m_Material: {fileID: 0}
    m_SubmeshIndex: 0
    m_ManualUV: 0
    elementGroup: -1
    m_TextureGroup: -1
  - m_Indexes: 18000000190000001a000000190000001b0000001a000000
    m_SmoothingGroup: 1
    m_Uv:
      m_UseWorldSpace: 0
      m_FlipU: 0
      m_FlipV: 0
      m_SwapUV: 0
      m_Fill: 1
      m_Scale: {x: 1, y: 1}
      m_Offset: {x: 0, y: 0}
      m_Rotation: 0
      m_Anchor: 9
    m_Material: {fileID: 0}
    m_SubmeshIndex: 0
    m_ManualUV: 0
    elementGroup: -1
    m_TextureGroup: -1
  - m_Indexes: 1c0000001d0000001e0000001d0000001f0000001e000000
    m_SmoothingGroup: 1
    m_Uv:
      m_UseWorldSpace: 0
      m_FlipU: 0
      m_FlipV: 0
      m_SwapUV: 0
      m_Fill: 1
      m_Scale: {x: 1, y: 1}
      m_Offset: {x: 0, y: 0}
      m_Rotation: 0
      m_Anchor: 9
    m_Material: {fileID: 0}
    m_SubmeshIndex: 0
    m_ManualUV: 0
    elementGroup: -1
    m_TextureGroup: -1
  - m_Indexes: 200000002100000022000000210000002300000022000000
    m_SmoothingGroup: 1
    m_Uv:
      m_UseWorldSpace: 0
      m_FlipU: 0
      m_FlipV: 0
      m_SwapUV: 0
      m_Fill: 1
      m_Scale: {x: 1, y: 1}
      m_Offset: {x: 0, y: 0}
      m_Rotation: 0
      m_Anchor: 9
    m_Material: {fileID: 0}
    m_SubmeshIndex: 0
    m_ManualUV: 0
    elementGroup: -1
    m_TextureGroup: -1
  - m_Indexes: 240000002500000026000000250000002700000026000000
    m_SmoothingGroup: 1
    m_Uv:
      m_UseWorldSpace: 0
      m_FlipU: 0
      m_FlipV: 0
      m_SwapUV: 0
      m_Fill: 1
      m_Scale: {x: 1, y: 1}
      m_Offset: {x: 0, y: 0}
      m_Rotation: 0
      m_Anchor: 9
    m_Material: {fileID: 0}
    m_SubmeshIndex: 0
    m_ManualUV: 0
    elementGroup: -1
    m_TextureGroup: -1
  - m_Indexes: 28000000290000002a000000290000002b0000002a000000
    m_SmoothingGroup: 1
    m_Uv:
      m_UseWorldSpace: 0
      m_FlipU: 0
      m_FlipV: 0
      m_SwapUV: 0
      m_Fill: 1
      m_Scale: {x: 1, y: 1}
      m_Offset: {x: 0, y: 0}
      m_Rotation: 0
      m_Anchor: 9
    m_Material: {fileID: 0}
    m_SubmeshIndex: 0
    m_ManualUV: 0
    elementGroup: -1
    m_TextureGroup: -1
  - m_Indexes: 2c0000002d0000002e0000002d0000002f0000002e000000
    m_SmoothingGroup: 1
    m_Uv:
      m_UseWorldSpace: 0
      m_FlipU: 0
      m_FlipV: 0
      m_SwapUV: 0
      m_Fill: 1
      m_Scale: {x: 1, y: 1}
      m_Offset: {x: 0, y: 0}
      m_Rotation: 0
      m_Anchor: 9
    m_Material: {fileID: 0}
    m_SubmeshIndex: 0
    m_ManualUV: 0
    elementGroup: -1
    m_TextureGroup: -1
  - m_Indexes: 300000003100000032000000310000003300000032000000
    m_SmoothingGroup: 1
    m_Uv:
      m_UseWorldSpace: 0
      m_FlipU: 0
      m_FlipV: 0
      m_SwapUV: 0
      m_Fill: 1
      m_Scale: {x: 1, y: 1}
      m_Offset: {x: 0, y: 0}
      m_Rotation: 0
      m_Anchor: 9
    m_Material: {fileID: 0}
    m_SubmeshIndex: 0
    m_ManualUV: 0
    elementGroup: -1
    m_TextureGroup: -1
  - m_Indexes: 340000003500000036000000350000003700000036000000
    m_SmoothingGroup: 1
    m_Uv:
      m_UseWorldSpace: 0
      m_FlipU: 0
      m_FlipV: 0
      m_SwapUV: 0
      m_Fill: 1
      m_Scale: {x: 1, y: 1}
      m_Offset: {x: 0, y: 0}
      m_Rotation: 0
      m_Anchor: 9
    m_Material: {fileID: 0}
    m_SubmeshIndex: 0
    m_ManualUV: 0
    elementGroup: -1
    m_TextureGroup: -1
  - m_Indexes: 38000000390000003a000000390000003b0000003a000000
    m_SmoothingGroup: 1
    m_Uv:
      m_UseWorldSpace: 0
      m_FlipU: 0
      m_FlipV: 0
      m_SwapUV: 0
      m_Fill: 1
      m_Scale: {x: 1, y: 1}
      m_Offset: {x: 0, y: 0}
      m_Rotation: 0
      m_Anchor: 9
    m_Material: {fileID: 0}
    m_SubmeshIndex: 0
    m_ManualUV: 0
    elementGroup: -1
    m_TextureGroup: -1
  - m_Indexes: 3c0000003d0000003e0000003d0000003f0000003e000000
    m_SmoothingGroup: 1
    m_Uv:
      m_UseWorldSpace: 0
      m_FlipU: 0
      m_FlipV: 0
      m_SwapUV: 0
      m_Fill: 1
      m_Scale: {x: 1, y: 1}
      m_Offset: {x: 0, y: 0}
      m_Rotation: 0
      m_Anchor: 9
    m_Material: {fileID: 0}
    m_SubmeshIndex: 0
    m_ManualUV: 0
    elementGroup: -1
    m_TextureGroup: -1
  - m_Indexes: 400000004100000042000000410000004300000042000000
    m_SmoothingGroup: 1
    m_Uv:
      m_UseWorldSpace: 0
      m_FlipU: 0
      m_FlipV: 0
      m_SwapUV: 0
      m_Fill: 1
      m_Scale: {x: 1, y: 1}
      m_Offset: {x: 0, y: 0}
      m_Rotation: 0
      m_Anchor: 9
    m_Material: {fileID: 0}
    m_SubmeshIndex: 0
    m_ManualUV: 0
    elementGroup: -1
    m_TextureGroup: -1
  - m_Indexes: 440000004500000046000000450000004700000046000000
    m_SmoothingGroup: 1
    m_Uv:
      m_UseWorldSpace: 0
      m_FlipU: 0
      m_FlipV: 0
      m_SwapUV: 0
      m_Fill: 1
      m_Scale: {x: 1, y: 1}
      m_Offset: {x: 0, y: 0}
      m_Rotation: 0
      m_Anchor: 9
    m_Material: {fileID: 0}
    m_SubmeshIndex: 0
    m_ManualUV: 0
    elementGroup: -1
    m_TextureGroup: -1
  - m_Indexes: 48000000490000004a000000490000004b0000004a000000
    m_SmoothingGroup: 1
    m_Uv:
      m_UseWorldSpace: 0
      m_FlipU: 0
      m_FlipV: 0
      m_SwapUV: 0
      m_Fill: 1
      m_Scale: {x: 1, y: 1}
      m_Offset: {x: 0, y: 0}
      m_Rotation: 0
      m_Anchor: 9
    m_Material: {fileID: 0}
    m_SubmeshIndex: 0
    m_ManualUV: 0
    elementGroup: -1
    m_TextureGroup: -1
  - m_Indexes: 4c0000004d0000004e0000004d0000004f0000004e000000
    m_SmoothingGroup: 1
    m_Uv:
      m_UseWorldSpace: 0
      m_FlipU: 0
      m_FlipV: 0
      m_SwapUV: 0
      m_Fill: 1
      m_Scale: {x: 1, y: 1}
      m_Offset: {x: 0, y: 0}
      m_Rotation: 0
      m_Anchor: 9
    m_Material: {fileID: 0}
    m_SubmeshIndex: 0
    m_ManualUV: 0
    elementGroup: -1
    m_TextureGroup: -1
  - m_Indexes: 500000005100000052000000510000005300000052000000
    m_SmoothingGroup: 1
    m_Uv:
      m_UseWorldSpace: 0
      m_FlipU: 0
      m_FlipV: 0
      m_SwapUV: 0
      m_Fill: 1
      m_Scale: {x: 1, y: 1}
      m_Offset: {x: 0, y: 0}
      m_Rotation: 0
      m_Anchor: 9
    m_Material: {fileID: 0}
    m_SubmeshIndex: 0
    m_ManualUV: 0
    elementGroup: -1
    m_TextureGroup: -1
  - m_Indexes: 540000005500000056000000550000005700000056000000
    m_SmoothingGroup: 1
    m_Uv:
      m_UseWorldSpace: 0
      m_FlipU: 0
      m_FlipV: 0
      m_SwapUV: 0
      m_Fill: 1
      m_Scale: {x: 1, y: 1}
      m_Offset: {x: 0, y: 0}
      m_Rotation: 0
      m_Anchor: 9
    m_Material: {fileID: 0}
    m_SubmeshIndex: 0
    m_ManualUV: 0
    elementGroup: -1
    m_TextureGroup: -1
  - m_Indexes: 58000000590000005a000000590000005b0000005a000000
    m_SmoothingGroup: 1
    m_Uv:
      m_UseWorldSpace: 0
      m_FlipU: 0
      m_FlipV: 0
      m_SwapUV: 0
      m_Fill: 1
      m_Scale: {x: 1, y: 1}
      m_Offset: {x: 0, y: 0}
      m_Rotation: 0
      m_Anchor: 9
    m_Material: {fileID: 0}
    m_SubmeshIndex: 0
    m_ManualUV: 0
    elementGroup: -1
    m_TextureGroup: -1
  - m_Indexes: 5c0000005d0000005e0000005d0000005f0000005e000000
    m_SmoothingGroup: 1
    m_Uv:
      m_UseWorldSpace: 0
      m_FlipU: 0
      m_FlipV: 0
      m_SwapUV: 0
      m_Fill: 1
      m_Scale: {x: 1, y: 1}
      m_Offset: {x: 0, y: 0}
      m_Rotation: 0
      m_Anchor: 9
    m_Material: {fileID: 0}
    m_SubmeshIndex: 0
    m_ManualUV: 0
    elementGroup: -1
    m_TextureGroup: -1
  - m_Indexes: 600000006100000062000000610000006300000062000000
    m_SmoothingGroup: 1
    m_Uv:
      m_UseWorldSpace: 0
      m_FlipU: 0
      m_FlipV: 0
      m_SwapUV: 0
      m_Fill: 1
      m_Scale: {x: 1, y: 1}
      m_Offset: {x: 0, y: 0}
      m_Rotation: 0
      m_Anchor: 9
    m_Material: {fileID: 0}
    m_SubmeshIndex: 0
    m_ManualUV: 0
    elementGroup: -1
    m_TextureGroup: -1
  - m_Indexes: 640000006500000066000000650000006700000066000000
    m_SmoothingGroup: 1
    m_Uv:
      m_UseWorldSpace: 0
      m_FlipU: 0
      m_FlipV: 0
      m_SwapUV: 0
      m_Fill: 1
      m_Scale: {x: 1, y: 1}
      m_Offset: {x: 0, y: 0}
      m_Rotation: 0
      m_Anchor: 9
    m_Material: {fileID: 0}
    m_SubmeshIndex: 0
    m_ManualUV: 0
    elementGroup: -1
    m_TextureGroup: -1
  - m_Indexes: 68000000690000006a000000690000006b0000006a000000
    m_SmoothingGroup: 1
    m_Uv:
      m_UseWorldSpace: 0
      m_FlipU: 0
      m_FlipV: 0
      m_SwapUV: 0
      m_Fill: 1
      m_Scale: {x: 1, y: 1}
      m_Offset: {x: 0, y: 0}
      m_Rotation: 0
      m_Anchor: 9
    m_Material: {fileID: 0}
    m_SubmeshIndex: 0
    m_ManualUV: 0
    elementGroup: -1
    m_TextureGroup: -1
  - m_Indexes: 6c0000006d0000006e0000006d0000006f0000006e000000
    m_SmoothingGroup: 1
    m_Uv:
      m_UseWorldSpace: 0
      m_FlipU: 0
      m_FlipV: 0
      m_SwapUV: 0
      m_Fill: 1
      m_Scale: {x: 1, y: 1}
      m_Offset: {x: 0, y: 0}
      m_Rotation: 0
      m_Anchor: 9
    m_Material: {fileID: 0}
    m_SubmeshIndex: 0
    m_ManualUV: 0
    elementGroup: -1
    m_TextureGroup: -1
  - m_Indexes: 700000007100000072000000710000007300000072000000
    m_SmoothingGroup: 1
    m_Uv:
      m_UseWorldSpace: 0
      m_FlipU: 0
      m_FlipV: 0
      m_SwapUV: 0
      m_Fill: 1
      m_Scale: {x: 1, y: 1}
      m_Offset: {x: 0, y: 0}
      m_Rotation: 0
      m_Anchor: 9
    m_Material: {fileID: 0}
    m_SubmeshIndex: 0
    m_ManualUV: 0
    elementGroup: -1
    m_TextureGroup: -1
  - m_Indexes: 740000007500000076000000750000007700000076000000
    m_SmoothingGroup: 1
    m_Uv:
      m_UseWorldSpace: 0
      m_FlipU: 0
      m_FlipV: 0
      m_SwapUV: 0
      m_Fill: 1
      m_Scale: {x: 1, y: 1}
      m_Offset: {x: 0, y: 0}
      m_Rotation: 0
      m_Anchor: 9
    m_Material: {fileID: 0}
    m_SubmeshIndex: 0
    m_ManualUV: 0
    elementGroup: -1
    m_TextureGroup: -1
  - m_Indexes: 78000000790000007a000000790000007b0000007a000000
    m_SmoothingGroup: 1
    m_Uv:
      m_UseWorldSpace: 0
      m_FlipU: 0
      m_FlipV: 0
      m_SwapUV: 0
      m_Fill: 1
      m_Scale: {x: 1, y: 1}
      m_Offset: {x: 0, y: 0}
      m_Rotation: 0
      m_Anchor: 9
    m_Material: {fileID: 0}
    m_SubmeshIndex: 0
    m_ManualUV: 0
    elementGroup: -1
    m_TextureGroup: -1
  - m_Indexes: 7c0000007d0000007e0000007d0000007f0000007e000000
    m_SmoothingGroup: 1
    m_Uv:
      m_UseWorldSpace: 0
      m_FlipU: 0
      m_FlipV: 0
      m_SwapUV: 0
      m_Fill: 1
      m_Scale: {x: 1, y: 1}
      m_Offset: {x: 0, y: 0}
      m_Rotation: 0
      m_Anchor: 9
    m_Material: {fileID: 0}
    m_SubmeshIndex: 0
    m_ManualUV: 0
    elementGroup: -1
    m_TextureGroup: -1
  - m_Indexes: 800000008100000082000000810000008300000082000000
    m_SmoothingGroup: 1
    m_Uv:
      m_UseWorldSpace: 0
      m_FlipU: 0
      m_FlipV: 0
      m_SwapUV: 0
      m_Fill: 1
      m_Scale: {x: 1, y: 1}
      m_Offset: {x: 0, y: 0}
      m_Rotation: 0
      m_Anchor: 9
    m_Material: {fileID: 0}
    m_SubmeshIndex: 0
    m_ManualUV: 0
    elementGroup: -1
    m_TextureGroup: -1
  - m_Indexes: 840000008500000086000000850000008700000086000000
    m_SmoothingGroup: 1
    m_Uv:
      m_UseWorldSpace: 0
      m_FlipU: 0
      m_FlipV: 0
      m_SwapUV: 0
      m_Fill: 1
      m_Scale: {x: 1, y: 1}
      m_Offset: {x: 0, y: 0}
      m_Rotation: 0
      m_Anchor: 9
    m_Material: {fileID: 0}
    m_SubmeshIndex: 0
    m_ManualUV: 0
    elementGroup: -1
    m_TextureGroup: -1
  - m_Indexes: 88000000890000008a000000890000008b0000008a000000
    m_SmoothingGroup: 1
    m_Uv:
      m_UseWorldSpace: 0
      m_FlipU: 0
      m_FlipV: 0
      m_SwapUV: 0
      m_Fill: 1
      m_Scale: {x: 1, y: 1}
      m_Offset: {x: 0, y: 0}
      m_Rotation: 0
      m_Anchor: 9
    m_Material: {fileID: 0}
    m_SubmeshIndex: 0
    m_ManualUV: 0
    elementGroup: -1
    m_TextureGroup: -1
  - m_Indexes: 8c0000008d0000008e0000008d0000008f0000008e000000
    m_SmoothingGroup: 1
    m_Uv:
      m_UseWorldSpace: 0
      m_FlipU: 0
      m_FlipV: 0
      m_SwapUV: 0
      m_Fill: 1
      m_Scale: {x: 1, y: 1}
      m_Offset: {x: 0, y: 0}
      m_Rotation: 0
      m_Anchor: 9
    m_Material: {fileID: 0}
    m_SubmeshIndex: 0
    m_ManualUV: 0
    elementGroup: -1
    m_TextureGroup: -1
  - m_Indexes: 900000009100000092000000910000009300000092000000
    m_SmoothingGroup: 1
    m_Uv:
      m_UseWorldSpace: 0
      m_FlipU: 0
      m_FlipV: 0
      m_SwapUV: 0
      m_Fill: 1
      m_Scale: {x: 1, y: 1}
      m_Offset: {x: 0, y: 0}
      m_Rotation: 0
      m_Anchor: 9
    m_Material: {fileID: 0}
    m_SubmeshIndex: 0
    m_ManualUV: 0
    elementGroup: -1
    m_TextureGroup: -1
  - m_Indexes: 940000009500000096000000950000009700000096000000
    m_SmoothingGroup: 1
    m_Uv:
      m_UseWorldSpace: 0
      m_FlipU: 0
      m_FlipV: 0
      m_SwapUV: 0
      m_Fill: 1
      m_Scale: {x: 1, y: 1}
      m_Offset: {x: 0, y: 0}
      m_Rotation: 0
      m_Anchor: 9
    m_Material: {fileID: 0}
    m_SubmeshIndex: 0
    m_ManualUV: 0
    elementGroup: -1
    m_TextureGroup: -1
  - m_Indexes: 98000000990000009a000000990000009b0000009a000000
    m_SmoothingGroup: 1
    m_Uv:
      m_UseWorldSpace: 0
      m_FlipU: 0
      m_FlipV: 0
      m_SwapUV: 0
      m_Fill: 1
      m_Scale: {x: 1, y: 1}
      m_Offset: {x: 0, y: 0}
      m_Rotation: 0
      m_Anchor: 9
    m_Material: {fileID: 0}
    m_SubmeshIndex: 0
    m_ManualUV: 0
    elementGroup: -1
    m_TextureGroup: -1
  - m_Indexes: 9c0000009d0000009e0000009d0000009f0000009e000000
    m_SmoothingGroup: 1
    m_Uv:
      m_UseWorldSpace: 0
      m_FlipU: 0
      m_FlipV: 0
      m_SwapUV: 0
      m_Fill: 1
      m_Scale: {x: 1, y: 1}
      m_Offset: {x: 0, y: 0}
      m_Rotation: 0
      m_Anchor: 9
    m_Material: {fileID: 0}
    m_SubmeshIndex: 0
    m_ManualUV: 0
    elementGroup: -1
    m_TextureGroup: -1
  - m_Indexes: a0000000a1000000a2000000a1000000a3000000a2000000
    m_SmoothingGroup: 1
    m_Uv:
      m_UseWorldSpace: 0
      m_FlipU: 0
      m_FlipV: 0
      m_SwapUV: 0
      m_Fill: 1
      m_Scale: {x: 1, y: 1}
      m_Offset: {x: 0, y: 0}
      m_Rotation: 0
      m_Anchor: 9
    m_Material: {fileID: 0}
    m_SubmeshIndex: 0
    m_ManualUV: 0
    elementGroup: -1
    m_TextureGroup: -1
  - m_Indexes: a4000000a5000000a6000000a5000000a7000000a6000000
    m_SmoothingGroup: 1
    m_Uv:
      m_UseWorldSpace: 0
      m_FlipU: 0
      m_FlipV: 0
      m_SwapUV: 0
      m_Fill: 1
      m_Scale: {x: 1, y: 1}
      m_Offset: {x: 0, y: 0}
      m_Rotation: 0
      m_Anchor: 9
    m_Material: {fileID: 0}
    m_SubmeshIndex: 0
    m_ManualUV: 0
    elementGroup: -1
    m_TextureGroup: -1
  - m_Indexes: a8000000a9000000aa000000a9000000ab000000aa000000
    m_SmoothingGroup: 1
    m_Uv:
      m_UseWorldSpace: 0
      m_FlipU: 0
      m_FlipV: 0
      m_SwapUV: 0
      m_Fill: 1
      m_Scale: {x: 1, y: 1}
      m_Offset: {x: 0, y: 0}
      m_Rotation: 0
      m_Anchor: 9
    m_Material: {fileID: 0}
    m_SubmeshIndex: 0
    m_ManualUV: 0
    elementGroup: -1
    m_TextureGroup: -1
  - m_Indexes: ac000000ad000000ae000000ad000000af000000ae000000
    m_SmoothingGroup: 1
    m_Uv:
      m_UseWorldSpace: 0
      m_FlipU: 0
      m_FlipV: 0
      m_SwapUV: 0
      m_Fill: 1
      m_Scale: {x: 1, y: 1}
      m_Offset: {x: 0, y: 0}
      m_Rotation: 0
      m_Anchor: 9
    m_Material: {fileID: 0}
    m_SubmeshIndex: 0
    m_ManualUV: 0
    elementGroup: -1
    m_TextureGroup: -1
  - m_Indexes: b0000000b1000000b2000000b1000000b3000000b2000000
    m_SmoothingGroup: 1
    m_Uv:
      m_UseWorldSpace: 0
      m_FlipU: 0
      m_FlipV: 0
      m_SwapUV: 0
      m_Fill: 1
      m_Scale: {x: 1, y: 1}
      m_Offset: {x: 0, y: 0}
      m_Rotation: 0
      m_Anchor: 9
    m_Material: {fileID: 0}
    m_SubmeshIndex: 0
    m_ManualUV: 0
    elementGroup: -1
    m_TextureGroup: -1
  - m_Indexes: b4000000b5000000b6000000b5000000b7000000b6000000
    m_SmoothingGroup: 1
    m_Uv:
      m_UseWorldSpace: 0
      m_FlipU: 0
      m_FlipV: 0
      m_SwapUV: 0
      m_Fill: 1
      m_Scale: {x: 1, y: 1}
      m_Offset: {x: 0, y: 0}
      m_Rotation: 0
      m_Anchor: 9
    m_Material: {fileID: 0}
    m_SubmeshIndex: 0
    m_ManualUV: 0
    elementGroup: -1
    m_TextureGroup: -1
  - m_Indexes: b8000000b9000000ba000000b9000000bb000000ba000000
    m_SmoothingGroup: 1
    m_Uv:
      m_UseWorldSpace: 0
      m_FlipU: 0
      m_FlipV: 0
      m_SwapUV: 0
      m_Fill: 1
      m_Scale: {x: 1, y: 1}
      m_Offset: {x: 0, y: 0}
      m_Rotation: 0
      m_Anchor: 9
    m_Material: {fileID: 0}
    m_SubmeshIndex: 0
    m_ManualUV: 0
    elementGroup: -1
    m_TextureGroup: -1
  - m_Indexes: bc000000bd000000be000000bd000000bf000000be000000
    m_SmoothingGroup: 1
    m_Uv:
      m_UseWorldSpace: 0
      m_FlipU: 0
      m_FlipV: 0
      m_SwapUV: 0
      m_Fill: 1
      m_Scale: {x: 1, y: 1}
      m_Offset: {x: 0, y: 0}
      m_Rotation: 0
      m_Anchor: 9
    m_Material: {fileID: 0}
    m_SubmeshIndex: 0
    m_ManualUV: 0
    elementGroup: -1
    m_TextureGroup: -1
  - m_Indexes: c2000000c1000000c0000000
    m_SmoothingGroup: 0
    m_Uv:
      m_UseWorldSpace: 0
      m_FlipU: 0
      m_FlipV: 0
      m_SwapUV: 0
      m_Fill: 1
      m_Scale: {x: 1, y: 1}
      m_Offset: {x: 0, y: 0}
      m_Rotation: 0
      m_Anchor: 9
    m_Material: {fileID: 2100000, guid: c22777d6e868e4f2fb421913386b154e, type: 2}
    m_SubmeshIndex: 0
    m_ManualUV: 0
    elementGroup: 0
    m_TextureGroup: -1
  - m_Indexes: c8000000c7000000c6000000
    m_SmoothingGroup: 0
    m_Uv:
      m_UseWorldSpace: 0
      m_FlipU: 0
      m_FlipV: 0
      m_SwapUV: 0
      m_Fill: 1
      m_Scale: {x: 1, y: 1}
      m_Offset: {x: 0, y: 0}
      m_Rotation: 0
      m_Anchor: 9
    m_Material: {fileID: 2100000, guid: c22777d6e868e4f2fb421913386b154e, type: 2}
    m_SubmeshIndex: 0
    m_ManualUV: 0
    elementGroup: 0
    m_TextureGroup: -1
  - m_Indexes: ce000000cd000000cc000000
    m_SmoothingGroup: 0
    m_Uv:
      m_UseWorldSpace: 0
      m_FlipU: 0
      m_FlipV: 0
      m_SwapUV: 0
      m_Fill: 1
      m_Scale: {x: 1, y: 1}
      m_Offset: {x: 0, y: 0}
      m_Rotation: 0
      m_Anchor: 9
    m_Material: {fileID: 2100000, guid: c22777d6e868e4f2fb421913386b154e, type: 2}
    m_SubmeshIndex: 0
    m_ManualUV: 0
    elementGroup: 0
    m_TextureGroup: -1
  - m_Indexes: d4000000d3000000d2000000
    m_SmoothingGroup: 0
    m_Uv:
      m_UseWorldSpace: 0
      m_FlipU: 0
      m_FlipV: 0
      m_SwapUV: 0
      m_Fill: 1
      m_Scale: {x: 1, y: 1}
      m_Offset: {x: 0, y: 0}
      m_Rotation: 0
      m_Anchor: 9
    m_Material: {fileID: 2100000, guid: c22777d6e868e4f2fb421913386b154e, type: 2}
    m_SubmeshIndex: 0
    m_ManualUV: 0
    elementGroup: 0
    m_TextureGroup: -1
  - m_Indexes: da000000d9000000d8000000
    m_SmoothingGroup: 0
    m_Uv:
      m_UseWorldSpace: 0
      m_FlipU: 0
      m_FlipV: 0
      m_SwapUV: 0
      m_Fill: 1
      m_Scale: {x: 1, y: 1}
      m_Offset: {x: 0, y: 0}
      m_Rotation: 0
      m_Anchor: 9
    m_Material: {fileID: 2100000, guid: c22777d6e868e4f2fb421913386b154e, type: 2}
    m_SubmeshIndex: 0
    m_ManualUV: 0
    elementGroup: 0
    m_TextureGroup: -1
  - m_Indexes: e0000000df000000de000000
    m_SmoothingGroup: 0
    m_Uv:
      m_UseWorldSpace: 0
      m_FlipU: 0
      m_FlipV: 0
      m_SwapUV: 0
      m_Fill: 1
      m_Scale: {x: 1, y: 1}
      m_Offset: {x: 0, y: 0}
      m_Rotation: 0
      m_Anchor: 9
    m_Material: {fileID: 2100000, guid: c22777d6e868e4f2fb421913386b154e, type: 2}
    m_SubmeshIndex: 0
    m_ManualUV: 0
    elementGroup: 0
    m_TextureGroup: -1
  - m_Indexes: e6000000e5000000e4000000
    m_SmoothingGroup: 0
    m_Uv:
      m_UseWorldSpace: 0
      m_FlipU: 0
      m_FlipV: 0
      m_SwapUV: 0
      m_Fill: 1
      m_Scale: {x: 1, y: 1}
      m_Offset: {x: 0, y: 0}
      m_Rotation: 0
      m_Anchor: 9
    m_Material: {fileID: 2100000, guid: c22777d6e868e4f2fb421913386b154e, type: 2}
    m_SubmeshIndex: 0
    m_ManualUV: 0
    elementGroup: 0
    m_TextureGroup: -1
  - m_Indexes: ec000000eb000000ea000000
    m_SmoothingGroup: 0
    m_Uv:
      m_UseWorldSpace: 0
      m_FlipU: 0
      m_FlipV: 0
      m_SwapUV: 0
      m_Fill: 1
      m_Scale: {x: 1, y: 1}
      m_Offset: {x: 0, y: 0}
      m_Rotation: 0
      m_Anchor: 9
    m_Material: {fileID: 2100000, guid: c22777d6e868e4f2fb421913386b154e, type: 2}
    m_SubmeshIndex: 0
    m_ManualUV: 0
    elementGroup: 0
    m_TextureGroup: -1
  - m_Indexes: f2000000f1000000f0000000
    m_SmoothingGroup: 0
    m_Uv:
      m_UseWorldSpace: 0
      m_FlipU: 0
      m_FlipV: 0
      m_SwapUV: 0
      m_Fill: 1
      m_Scale: {x: 1, y: 1}
      m_Offset: {x: 0, y: 0}
      m_Rotation: 0
      m_Anchor: 9
    m_Material: {fileID: 2100000, guid: c22777d6e868e4f2fb421913386b154e, type: 2}
    m_SubmeshIndex: 0
    m_ManualUV: 0
    elementGroup: 0
    m_TextureGroup: -1
  - m_Indexes: f8000000f7000000f6000000
    m_SmoothingGroup: 0
    m_Uv:
      m_UseWorldSpace: 0
      m_FlipU: 0
      m_FlipV: 0
      m_SwapUV: 0
      m_Fill: 1
      m_Scale: {x: 1, y: 1}
      m_Offset: {x: 0, y: 0}
      m_Rotation: 0
      m_Anchor: 9
    m_Material: {fileID: 2100000, guid: c22777d6e868e4f2fb421913386b154e, type: 2}
    m_SubmeshIndex: 0
    m_ManualUV: 0
    elementGroup: 0
    m_TextureGroup: -1
  - m_Indexes: fe000000fd000000fc000000
    m_SmoothingGroup: 0
    m_Uv:
      m_UseWorldSpace: 0
      m_FlipU: 0
      m_FlipV: 0
      m_SwapUV: 0
      m_Fill: 1
      m_Scale: {x: 1, y: 1}
      m_Offset: {x: 0, y: 0}
      m_Rotation: 0
      m_Anchor: 9
    m_Material: {fileID: 2100000, guid: c22777d6e868e4f2fb421913386b154e, type: 2}
    m_SubmeshIndex: 0
    m_ManualUV: 0
    elementGroup: 0
    m_TextureGroup: -1
  - m_Indexes: 040100000301000002010000
    m_SmoothingGroup: 0
    m_Uv:
      m_UseWorldSpace: 0
      m_FlipU: 0
      m_FlipV: 0
      m_SwapUV: 0
      m_Fill: 1
      m_Scale: {x: 1, y: 1}
      m_Offset: {x: 0, y: 0}
      m_Rotation: 0
      m_Anchor: 9
    m_Material: {fileID: 2100000, guid: c22777d6e868e4f2fb421913386b154e, type: 2}
    m_SubmeshIndex: 0
    m_ManualUV: 0
    elementGroup: 0
    m_TextureGroup: -1
  - m_Indexes: 0a0100000901000008010000
    m_SmoothingGroup: 0
    m_Uv:
      m_UseWorldSpace: 0
      m_FlipU: 0
      m_FlipV: 0
      m_SwapUV: 0
      m_Fill: 1
      m_Scale: {x: 1, y: 1}
      m_Offset: {x: 0, y: 0}
      m_Rotation: 0
      m_Anchor: 9
    m_Material: {fileID: 2100000, guid: c22777d6e868e4f2fb421913386b154e, type: 2}
    m_SubmeshIndex: 0
    m_ManualUV: 0
    elementGroup: 0
    m_TextureGroup: -1
  - m_Indexes: 100100000f0100000e010000
    m_SmoothingGroup: 0
    m_Uv:
      m_UseWorldSpace: 0
      m_FlipU: 0
      m_FlipV: 0
      m_SwapUV: 0
      m_Fill: 1
      m_Scale: {x: 1, y: 1}
      m_Offset: {x: 0, y: 0}
      m_Rotation: 0
      m_Anchor: 9
    m_Material: {fileID: 2100000, guid: c22777d6e868e4f2fb421913386b154e, type: 2}
    m_SubmeshIndex: 0
    m_ManualUV: 0
    elementGroup: 0
    m_TextureGroup: -1
  - m_Indexes: 160100001501000014010000
    m_SmoothingGroup: 0
    m_Uv:
      m_UseWorldSpace: 0
      m_FlipU: 0
      m_FlipV: 0
      m_SwapUV: 0
      m_Fill: 1
      m_Scale: {x: 1, y: 1}
      m_Offset: {x: 0, y: 0}
      m_Rotation: 0
      m_Anchor: 9
    m_Material: {fileID: 2100000, guid: c22777d6e868e4f2fb421913386b154e, type: 2}
    m_SubmeshIndex: 0
    m_ManualUV: 0
    elementGroup: 0
    m_TextureGroup: -1
  - m_Indexes: 1c0100001b0100001a010000
    m_SmoothingGroup: 0
    m_Uv:
      m_UseWorldSpace: 0
      m_FlipU: 0
      m_FlipV: 0
      m_SwapUV: 0
      m_Fill: 1
      m_Scale: {x: 1, y: 1}
      m_Offset: {x: 0, y: 0}
      m_Rotation: 0
      m_Anchor: 9
    m_Material: {fileID: 2100000, guid: c22777d6e868e4f2fb421913386b154e, type: 2}
    m_SubmeshIndex: 0
    m_ManualUV: 0
    elementGroup: 0
    m_TextureGroup: -1
  - m_Indexes: c3000000c4000000c5000000
    m_SmoothingGroup: 0
    m_Uv:
      m_UseWorldSpace: 0
      m_FlipU: 0
      m_FlipV: 0
      m_SwapUV: 0
      m_Fill: 1
      m_Scale: {x: 1, y: 1}
      m_Offset: {x: 0, y: 0}
      m_Rotation: 0
      m_Anchor: 9
    m_Material: {fileID: 2100000, guid: c22777d6e868e4f2fb421913386b154e, type: 2}
    m_SubmeshIndex: 0
    m_ManualUV: 0
    elementGroup: 0
    m_TextureGroup: -1
  - m_Indexes: c9000000ca000000cb000000
    m_SmoothingGroup: 0
    m_Uv:
      m_UseWorldSpace: 0
      m_FlipU: 0
      m_FlipV: 0
      m_SwapUV: 0
      m_Fill: 1
      m_Scale: {x: 1, y: 1}
      m_Offset: {x: 0, y: 0}
      m_Rotation: 0
      m_Anchor: 9
    m_Material: {fileID: 2100000, guid: c22777d6e868e4f2fb421913386b154e, type: 2}
    m_SubmeshIndex: 0
    m_ManualUV: 0
    elementGroup: 0
    m_TextureGroup: -1
  - m_Indexes: cf000000d0000000d1000000
    m_SmoothingGroup: 0
    m_Uv:
      m_UseWorldSpace: 0
      m_FlipU: 0
      m_FlipV: 0
      m_SwapUV: 0
      m_Fill: 1
      m_Scale: {x: 1, y: 1}
      m_Offset: {x: 0, y: 0}
      m_Rotation: 0
      m_Anchor: 9
    m_Material: {fileID: 2100000, guid: c22777d6e868e4f2fb421913386b154e, type: 2}
    m_SubmeshIndex: 0
    m_ManualUV: 0
    elementGroup: 0
    m_TextureGroup: -1
  - m_Indexes: d5000000d6000000d7000000
    m_SmoothingGroup: 0
    m_Uv:
      m_UseWorldSpace: 0
      m_FlipU: 0
      m_FlipV: 0
      m_SwapUV: 0
      m_Fill: 1
      m_Scale: {x: 1, y: 1}
      m_Offset: {x: 0, y: 0}
      m_Rotation: 0
      m_Anchor: 9
    m_Material: {fileID: 2100000, guid: c22777d6e868e4f2fb421913386b154e, type: 2}
    m_SubmeshIndex: 0
    m_ManualUV: 0
    elementGroup: 0
    m_TextureGroup: -1
  - m_Indexes: db000000dc000000dd000000
    m_SmoothingGroup: 0
    m_Uv:
      m_UseWorldSpace: 0
      m_FlipU: 0
      m_FlipV: 0
      m_SwapUV: 0
      m_Fill: 1
      m_Scale: {x: 1, y: 1}
      m_Offset: {x: 0, y: 0}
      m_Rotation: 0
      m_Anchor: 9
    m_Material: {fileID: 2100000, guid: c22777d6e868e4f2fb421913386b154e, type: 2}
    m_SubmeshIndex: 0
    m_ManualUV: 0
    elementGroup: 0
    m_TextureGroup: -1
  - m_Indexes: e1000000e2000000e3000000
    m_SmoothingGroup: 0
    m_Uv:
      m_UseWorldSpace: 0
      m_FlipU: 0
      m_FlipV: 0
      m_SwapUV: 0
      m_Fill: 1
      m_Scale: {x: 1, y: 1}
      m_Offset: {x: 0, y: 0}
      m_Rotation: 0
      m_Anchor: 9
    m_Material: {fileID: 2100000, guid: c22777d6e868e4f2fb421913386b154e, type: 2}
    m_SubmeshIndex: 0
    m_ManualUV: 0
    elementGroup: 0
    m_TextureGroup: -1
  - m_Indexes: e7000000e8000000e9000000
    m_SmoothingGroup: 0
    m_Uv:
      m_UseWorldSpace: 0
      m_FlipU: 0
      m_FlipV: 0
      m_SwapUV: 0
      m_Fill: 1
      m_Scale: {x: 1, y: 1}
      m_Offset: {x: 0, y: 0}
      m_Rotation: 0
      m_Anchor: 9
    m_Material: {fileID: 2100000, guid: c22777d6e868e4f2fb421913386b154e, type: 2}
    m_SubmeshIndex: 0
    m_ManualUV: 0
    elementGroup: 0
    m_TextureGroup: -1
  - m_Indexes: ed000000ee000000ef000000
    m_SmoothingGroup: 0
    m_Uv:
      m_UseWorldSpace: 0
      m_FlipU: 0
      m_FlipV: 0
      m_SwapUV: 0
      m_Fill: 1
      m_Scale: {x: 1, y: 1}
      m_Offset: {x: 0, y: 0}
      m_Rotation: 0
      m_Anchor: 9
    m_Material: {fileID: 2100000, guid: c22777d6e868e4f2fb421913386b154e, type: 2}
    m_SubmeshIndex: 0
    m_ManualUV: 0
    elementGroup: 0
    m_TextureGroup: -1
  - m_Indexes: f3000000f4000000f5000000
    m_SmoothingGroup: 0
    m_Uv:
      m_UseWorldSpace: 0
      m_FlipU: 0
      m_FlipV: 0
      m_SwapUV: 0
      m_Fill: 1
      m_Scale: {x: 1, y: 1}
      m_Offset: {x: 0, y: 0}
      m_Rotation: 0
      m_Anchor: 9
    m_Material: {fileID: 2100000, guid: c22777d6e868e4f2fb421913386b154e, type: 2}
    m_SubmeshIndex: 0
    m_ManualUV: 0
    elementGroup: 0
    m_TextureGroup: -1
  - m_Indexes: f9000000fa000000fb000000
    m_SmoothingGroup: 0
    m_Uv:
      m_UseWorldSpace: 0
      m_FlipU: 0
      m_FlipV: 0
      m_SwapUV: 0
      m_Fill: 1
      m_Scale: {x: 1, y: 1}
      m_Offset: {x: 0, y: 0}
      m_Rotation: 0
      m_Anchor: 9
    m_Material: {fileID: 2100000, guid: c22777d6e868e4f2fb421913386b154e, type: 2}
    m_SubmeshIndex: 0
    m_ManualUV: 0
    elementGroup: 0
    m_TextureGroup: -1
  - m_Indexes: ff0000000001000001010000
    m_SmoothingGroup: 0
    m_Uv:
      m_UseWorldSpace: 0
      m_FlipU: 0
      m_FlipV: 0
      m_SwapUV: 0
      m_Fill: 1
      m_Scale: {x: 1, y: 1}
      m_Offset: {x: 0, y: 0}
      m_Rotation: 0
      m_Anchor: 9
    m_Material: {fileID: 2100000, guid: c22777d6e868e4f2fb421913386b154e, type: 2}
    m_SubmeshIndex: 0
    m_ManualUV: 0
    elementGroup: 0
    m_TextureGroup: -1
  - m_Indexes: 050100000601000007010000
    m_SmoothingGroup: 0
    m_Uv:
      m_UseWorldSpace: 0
      m_FlipU: 0
      m_FlipV: 0
      m_SwapUV: 0
      m_Fill: 1
      m_Scale: {x: 1, y: 1}
      m_Offset: {x: 0, y: 0}
      m_Rotation: 0
      m_Anchor: 9
    m_Material: {fileID: 2100000, guid: c22777d6e868e4f2fb421913386b154e, type: 2}
    m_SubmeshIndex: 0
    m_ManualUV: 0
    elementGroup: 0
    m_TextureGroup: -1
  - m_Indexes: 0b0100000c0100000d010000
    m_SmoothingGroup: 0
    m_Uv:
      m_UseWorldSpace: 0
      m_FlipU: 0
      m_FlipV: 0
      m_SwapUV: 0
      m_Fill: 1
      m_Scale: {x: 1, y: 1}
      m_Offset: {x: 0, y: 0}
      m_Rotation: 0
      m_Anchor: 9
    m_Material: {fileID: 2100000, guid: c22777d6e868e4f2fb421913386b154e, type: 2}
    m_SubmeshIndex: 0
    m_ManualUV: 0
    elementGroup: 0
    m_TextureGroup: -1
  - m_Indexes: 110100001201000013010000
    m_SmoothingGroup: 0
    m_Uv:
      m_UseWorldSpace: 0
      m_FlipU: 0
      m_FlipV: 0
      m_SwapUV: 0
      m_Fill: 1
      m_Scale: {x: 1, y: 1}
      m_Offset: {x: 0, y: 0}
      m_Rotation: 0
      m_Anchor: 9
    m_Material: {fileID: 2100000, guid: c22777d6e868e4f2fb421913386b154e, type: 2}
    m_SubmeshIndex: 0
    m_ManualUV: 0
    elementGroup: 0
    m_TextureGroup: -1
  - m_Indexes: 170100001801000019010000
    m_SmoothingGroup: 0
    m_Uv:
      m_UseWorldSpace: 0
      m_FlipU: 0
      m_FlipV: 0
      m_SwapUV: 0
      m_Fill: 1
      m_Scale: {x: 1, y: 1}
      m_Offset: {x: 0, y: 0}
      m_Rotation: 0
      m_Anchor: 9
    m_Material: {fileID: 2100000, guid: c22777d6e868e4f2fb421913386b154e, type: 2}
    m_SubmeshIndex: 0
    m_ManualUV: 0
    elementGroup: 0
    m_TextureGroup: -1
  - m_Indexes: 1d0100001e0100001f010000
    m_SmoothingGroup: 0
    m_Uv:
      m_UseWorldSpace: 0
      m_FlipU: 0
      m_FlipV: 0
      m_SwapUV: 0
      m_Fill: 1
      m_Scale: {x: 1, y: 1}
      m_Offset: {x: 0, y: 0}
      m_Rotation: 0
      m_Anchor: 9
    m_Material: {fileID: 2100000, guid: c22777d6e868e4f2fb421913386b154e, type: 2}
    m_SubmeshIndex: 0
    m_ManualUV: 0
    elementGroup: 0
    m_TextureGroup: -1
  m_SharedVertices:
  - m_Vertices: 000000003e000000c00000001c010000
  - m_Vertices: 010000003f000000400000007e000000
  - m_Vertices: 0200000004000000c2000000c6000000
  - m_Vertices: 03000000050000004200000044000000
  - m_Vertices: 0600000008000000c8000000cc000000
  - m_Vertices: 07000000090000004600000048000000
  - m_Vertices: 0a0000000c000000ce000000d2000000
  - m_Vertices: 0b0000000d0000004a0000004c000000
  - m_Vertices: 0e00000010000000d4000000d8000000
  - m_Vertices: 0f000000110000004e00000050000000
  - m_Vertices: 1200000014000000da000000de000000
  - m_Vertices: 13000000150000005200000054000000
  - m_Vertices: 1600000018000000e0000000e4000000
  - m_Vertices: 17000000190000005600000058000000
  - m_Vertices: 1a0000001c000000e6000000ea000000
  - m_Vertices: 1b0000001d0000005a0000005c000000
  - m_Vertices: 1e00000020000000ec000000f0000000
  - m_Vertices: 1f000000210000005e00000060000000
  - m_Vertices: 2200000024000000f2000000f6000000
  - m_Vertices: 23000000250000006200000064000000
  - m_Vertices: 2600000028000000f8000000fc000000
  - m_Vertices: 27000000290000006600000068000000
  - m_Vertices: 2a0000002c000000fe00000002010000
  - m_Vertices: 2b0000002d0000006a0000006c000000
  - m_Vertices: 2e000000300000000401000008010000
  - m_Vertices: 2f000000310000006e00000070000000
  - m_Vertices: 32000000340000000a0100000e010000
  - m_Vertices: 33000000350000007200000074000000
  - m_Vertices: 36000000380000001001000014010000
  - m_Vertices: 37000000390000007600000078000000
  - m_Vertices: 3a0000003c000000160100001a010000
  - m_Vertices: 3b0000003d0000007a0000007c000000
  - m_Vertices: 410000007f00000080000000be000000
  - m_Vertices: 43000000450000008200000084000000
  - m_Vertices: 47000000490000008600000088000000
  - m_Vertices: 4b0000004d0000008a0000008c000000
  - m_Vertices: 4f000000510000008e00000090000000
  - m_Vertices: 53000000550000009200000094000000
  - m_Vertices: 57000000590000009600000098000000
  - m_Vertices: 5b0000005d0000009a0000009c000000
  - m_Vertices: 5f000000610000009e000000a0000000
  - m_Vertices: 6300000065000000a2000000a4000000
  - m_Vertices: 6700000069000000a6000000a8000000
  - m_Vertices: 6b0000006d000000aa000000ac000000
  - m_Vertices: 6f00000071000000ae000000b0000000
  - m_Vertices: 7300000075000000b2000000b4000000
  - m_Vertices: 7700000079000000b6000000b8000000
  - m_Vertices: 7b0000007d000000ba000000bc000000
  - m_Vertices: 81000000bf000000c30000001f010000
  - m_Vertices: 8300000085000000c5000000c9000000
  - m_Vertices: 8700000089000000cb000000cf000000
  - m_Vertices: 8b0000008d000000d1000000d5000000
  - m_Vertices: 8f00000091000000d7000000db000000
  - m_Vertices: 9300000095000000dd000000e1000000
  - m_Vertices: 9700000099000000e3000000e7000000
  - m_Vertices: 9b0000009d000000e9000000ed000000
  - m_Vertices: 9f000000a1000000ef000000f3000000
  - m_Vertices: a3000000a5000000f5000000f9000000
  - m_Vertices: a7000000a9000000fb000000ff000000
  - m_Vertices: ab000000ad0000000101000005010000
  - m_Vertices: af000000b1000000070100000b010000
  - m_Vertices: b3000000b50000000d01000011010000
  - m_Vertices: b7000000b90000001301000017010000
  - m_Vertices: bb000000bd000000190100001d010000
  - m_Vertices: c1000000c7000000cd000000d3000000d9000000df000000e5000000eb000000f1000000f7000000fd00000003010000090100000f010000150100001b010000
  - m_Vertices: c4000000ca000000d0000000d6000000dc000000e2000000e8000000ee000000f4000000fa00000000010000060100000c01000012010000180100001e010000
  m_SharedTextures: []
  m_Positions:
  - {x: -0.08328426, y: 0, z: 0.00000011920929}
  - {x: -0.10707113, y: 0.3333333, z: 0.00000011920929}
  - {x: -0.11500496, y: 0, z: 0.15947056}
  - {x: -0.13698104, y: 0.3333333, z: 0.15036774}
  - {x: -0.11500496, y: 0, z: 0.15947056}
  - {x: -0.13698104, y: 0.3333333, z: 0.15036774}
  - {x: -0.20533758, y: 0, z: 0.29466283}
  - {x: -0.22215742, y: 0.3333333, z: 0.277843}
  - {x: -0.20533758, y: 0, z: 0.29466283}
  - {x: -0.22215742, y: 0.3333333, z: 0.277843}
  - {x: -0.34052986, y: 0, z: 0.38499486}
  - {x: -0.34963268, y: 0.3333333, z: 0.36301923}
  - {x: -0.34052986, y: 0, z: 0.38499486}
  - {x: -0.34963268, y: 0.3333333, z: 0.36301923}
  - {x: -0.5, y: 0, z: 0.41671586}
  - {x: -0.5, y: 0.3333333, z: 0.39292884}
  - {x: -0.5, y: 0, z: 0.41671586}
  - {x: -0.5, y: 0.3333333, z: 0.39292884}
  - {x: -0.6594703, y: 0, z: 0.38499486}
  - {x: -0.6503675, y: 0.3333333, z: 0.36301923}
  - {x: -0.6594703, y: 0, z: 0.38499486}
  - {x: -0.6503675, y: 0.3333333, z: 0.36301923}
  - {x: -0.7946627, y: 0, z: 0.29466283}
  - {x: -0.7778429, y: 0.3333333, z: 0.277843}
  - {x: -0.7946627, y: 0, z: 0.29466283}
  - {x: -0.7778429, y: 0.3333333, z: 0.277843}
  - {x: -0.88499534, y: 0, z: 0.15947056}
  - {x: -0.8630191, y: 0.3333333, z: 0.15036774}
  - {x: -0.88499534, y: 0, z: 0.15947056}
  - {x: -0.8630191, y: 0.3333333, z: 0.15036774}
  - {x: -0.91671574, y: 0, z: 0.00000011920929}
  - {x: -0.892929, y: 0.3333333, z: 0.00000011920929}
  - {x: -0.91671574, y: 0, z: 0.00000011920929}
  - {x: -0.892929, y: 0.3333333, z: 0.00000011920929}
  - {x: -0.88499534, y: 0, z: -0.15947032}
  - {x: -0.8630191, y: 0.3333333, z: -0.1503675}
  - {x: -0.88499534, y: 0, z: -0.15947032}
  - {x: -0.8630191, y: 0.3333333, z: -0.1503675}
  - {x: -0.7946627, y: 0, z: -0.2946626}
  - {x: -0.7778429, y: 0.3333333, z: -0.27784276}
  - {x: -0.7946627, y: 0, z: -0.2946626}
  - {x: -0.7778429, y: 0.3333333, z: -0.27784276}
  - {x: -0.6594703, y: 0, z: -0.38499463}
  - {x: -0.6503675, y: 0.3333333, z: -0.363019}
  - {x: -0.6594703, y: 0, z: -0.38499463}
  - {x: -0.6503675, y: 0.3333333, z: -0.363019}
  - {x: -0.5, y: 0, z: -0.41671562}
  - {x: -0.5, y: 0.3333333, z: -0.3929286}
  - {x: -0.5, y: 0, z: -0.41671562}
  - {x: -0.5, y: 0.3333333, z: -0.3929286}
  - {x: -0.3405297, y: 0, z: -0.38499463}
  - {x: -0.34963253, y: 0.3333333, z: -0.363019}
  - {x: -0.3405297, y: 0, z: -0.38499463}
  - {x: -0.34963253, y: 0.3333333, z: -0.363019}
  - {x: -0.20533758, y: 0, z: -0.2946626}
  - {x: -0.22215742, y: 0.3333333, z: -0.27784276}
  - {x: -0.20533758, y: 0, z: -0.2946626}
  - {x: -0.22215742, y: 0.3333333, z: -0.27784276}
  - {x: -0.11500496, y: 0, z: -0.15947032}
  - {x: -0.13698104, y: 0.3333333, z: -0.1503675}
  - {x: -0.11500496, y: 0, z: -0.15947032}
  - {x: -0.13698104, y: 0.3333333, z: -0.1503675}
  - {x: -0.08328426, y: 0, z: 0.00000011920929}
  - {x: -0.10707113, y: 0.3333333, z: 0.00000011920929}
  - {x: -0.10707113, y: 0.3333333, z: 0.00000011920929}
  - {x: -0.15535536, y: 0.8132506, z: 0.00000011920929}
  - {x: -0.13698104, y: 0.3333333, z: 0.15036774}
  - {x: -0.1815899, y: 0.8132506, z: 0.1318897}
  - {x: -0.13698104, y: 0.3333333, z: 0.15036774}
  - {x: -0.1815899, y: 0.8132506, z: 0.1318897}
  - {x: -0.22215742, y: 0.3333333, z: 0.277843}
  - {x: -0.25629956, y: 0.8132506, z: 0.24370086}
  - {x: -0.22215742, y: 0.3333333, z: 0.277843}
  - {x: -0.25629956, y: 0.8132506, z: 0.24370086}
  - {x: -0.34963268, y: 0.3333333, z: 0.36301923}
  - {x: -0.36811027, y: 0.8132506, z: 0.31841052}
  - {x: -0.34963268, y: 0.3333333, z: 0.36301923}
  - {x: -0.36811027, y: 0.8132506, z: 0.31841052}
  - {x: -0.5, y: 0.3333333, z: 0.39292884}
  - {x: -0.5000001, y: 0.8132506, z: 0.3446449}
  - {x: -0.5, y: 0.3333333, z: 0.39292884}
  - {x: -0.5000001, y: 0.8132506, z: 0.3446449}
  - {x: -0.6503675, y: 0.3333333, z: 0.36301923}
  - {x: -0.6318899, y: 0.8132506, z: 0.31841052}
  - {x: -0.6503675, y: 0.3333333, z: 0.36301923}
  - {x: -0.6318899, y: 0.8132506, z: 0.31841052}
  - {x: -0.7778429, y: 0.3333333, z: 0.277843}
  - {x: -0.74370074, y: 0.8132506, z: 0.24370086}
  - {x: -0.7778429, y: 0.3333333, z: 0.277843}
  - {x: -0.74370074, y: 0.8132506, z: 0.24370086}
  - {x: -0.8630191, y: 0.3333333, z: 0.15036774}
  - {x: -0.8184101, y: 0.8132506, z: 0.1318897}
  - {x: -0.8630191, y: 0.3333333, z: 0.15036774}
  - {x: -0.8184101, y: 0.8132506, z: 0.1318897}
  - {x: -0.892929, y: 0.3333333, z: 0.00000011920929}
  - {x: -0.8446448, y: 0.8132506, z: 0.00000011920929}
  - {x: -0.892929, y: 0.3333333, z: 0.00000011920929}
  - {x: -0.8446448, y: 0.8132506, z: 0.00000011920929}
  - {x: -0.8630191, y: 0.3333333, z: -0.1503675}
  - {x: -0.8184101, y: 0.8132506, z: -0.13188946}
  - {x: -0.8630191, y: 0.3333333, z: -0.1503675}
  - {x: -0.8184101, y: 0.8132506, z: -0.13188946}
  - {x: -0.7778429, y: 0.3333333, z: -0.27784276}
  - {x: -0.74370074, y: 0.8132506, z: -0.24370062}
  - {x: -0.7778429, y: 0.3333333, z: -0.27784276}
  - {x: -0.74370074, y: 0.8132506, z: -0.24370062}
  - {x: -0.6503675, y: 0.3333333, z: -0.363019}
  - {x: -0.6318899, y: 0.8132506, z: -0.31840968}
  - {x: -0.6503675, y: 0.3333333, z: -0.363019}
  - {x: -0.6318899, y: 0.8132506, z: -0.31840968}
  - {x: -0.5, y: 0.3333333, z: -0.3929286}
  - {x: -0.5000001, y: 0.8132506, z: -0.34464467}
  - {x: -0.5, y: 0.3333333, z: -0.3929286}
  - {x: -0.5000001, y: 0.8132506, z: -0.34464467}
  - {x: -0.34963253, y: 0.3333333, z: -0.363019}
  - {x: -0.35814303, y: 0.8132506, z: -0.31175005}
  - {x: -0.34963253, y: 0.3333333, z: -0.363019}
  - {x: -0.35814303, y: 0.8132506, z: -0.31175005}
  - {x: -0.22215742, y: 0.3333333, z: -0.27784276}
  - {x: -0.26626664, y: 0.8132506, z: -0.25036025}
  - {x: -0.22215742, y: 0.3333333, z: -0.27784276}
  - {x: -0.26626664, y: 0.8132506, z: -0.25036025}
  - {x: -0.13698104, y: 0.3333333, z: -0.1503675}
  - {x: -0.1815899, y: 0.8132506, z: -0.13188946}
  - {x: -0.13698104, y: 0.3333333, z: -0.1503675}
  - {x: -0.1815899, y: 0.8132506, z: -0.13188946}
  - {x: -0.10707113, y: 0.3333333, z: 0.00000011920929}
  - {x: -0.15535536, y: 0.8132506, z: 0.00000011920929}
  - {x: -0.15535536, y: 0.8132506, z: 0.00000011920929}
  - {x: 0.3967726, y: 1, z: 0.00000071525574}
  - {x: -0.1815899, y: 0.8132506, z: 0.1318897}
  - {x: 0.32850993, y: 1, z: 0.343181}
  - {x: -0.1815899, y: 0.8132506, z: 0.1318897}
  - {x: 0.32850993, y: 1, z: 0.343181}
  - {x: -0.25629956, y: 0.8132506, z: 0.24370086}
  - {x: 0.13411385, y: 1, z: 0.63411486}
  - {x: -0.25629956, y: 0.8132506, z: 0.24370086}
  - {x: 0.13411385, y: 1, z: 0.63411486}
  - {x: -0.36811027, y: 0.8132506, z: 0.31841052}
  - {x: -0.15682015, y: 1, z: 0.82851005}
  - {x: -0.36811027, y: 0.8132506, z: 0.31841052}
  - {x: -0.15682015, y: 1, z: 0.82851005}
  - {x: -0.5000001, y: 0.8132506, z: 0.3446449}
  - {x: -0.5000003, y: 1, z: 0.89677346}
  - {x: -0.5000001, y: 0.8132506, z: 0.3446449}
  - {x: -0.5000003, y: 1, z: 0.89677346}
  - {x: -0.6318899, y: 0.8132506, z: 0.31841052}
  - {x: -0.84318, y: 1, z: 0.82851005}
  - {x: -0.6318899, y: 0.8132506, z: 0.31841052}
  - {x: -0.84318, y: 1, z: 0.82851005}
  - {x: -0.74370074, y: 0.8132506, z: 0.24370086}
  - {x: -1.1341147, y: 1, z: 0.63411486}
  - {x: -0.74370074, y: 0.8132506, z: 0.24370086}
  - {x: -1.1341147, y: 1, z: 0.63411486}
  - {x: -0.8184101, y: 0.8132506, z: 0.1318897}
  - {x: -1.3285103, y: 1, z: 0.343181}
  - {x: -0.8184101, y: 0.8132506, z: 0.1318897}
  - {x: -1.3285103, y: 1, z: 0.343181}
  - {x: -0.8446448, y: 0.8132506, z: 0.00000011920929}
  - {x: -1.3967727, y: 1, z: 0.00000071525574}
  - {x: -0.8446448, y: 0.8132506, z: 0.00000011920929}
  - {x: -1.3967727, y: 1, z: 0.00000071525574}
  - {x: -0.8184101, y: 0.8132506, z: -0.13188946}
  - {x: -1.3285103, y: 1, z: -0.343179}
  - {x: -0.8184101, y: 0.8132506, z: -0.13188946}
  - {x: -1.3285103, y: 1, z: -0.343179}
  - {x: -0.74370074, y: 0.8132506, z: -0.24370062}
  - {x: -1.1341147, y: 1, z: -0.634114}
  - {x: -0.74370074, y: 0.8132506, z: -0.24370062}
  - {x: -1.1341147, y: 1, z: -0.634114}
  - {x: -0.6318899, y: 0.8132506, z: -0.31840968}
  - {x: -0.8431803, y: 1, z: -0.8285092}
  - {x: -0.6318899, y: 0.8132506, z: -0.31840968}
  - {x: -0.8431803, y: 1, z: -0.8285092}
  - {x: -0.5000001, y: 0.8132506, z: -0.34464467}
  - {x: -0.5000003, y: 1, z: -0.8967726}
  - {x: -0.5000001, y: 0.8132506, z: -0.34464467}
  - {x: -0.5000003, y: 1, z: -0.8967726}
  - {x: -0.35814303, y: 0.8132506, z: -0.31175005}
  - {x: -0.15681985, y: 1, z: -0.8285092}
  - {x: -0.35814303, y: 0.8132506, z: -0.31175005}
  - {x: -0.15681985, y: 1, z: -0.8285092}
  - {x: -0.26626664, y: 0.8132506, z: -0.25036025}
  - {x: 0.1341137, y: 1, z: -0.634114}
  - {x: -0.26626664, y: 0.8132506, z: -0.25036025}
  - {x: 0.1341137, y: 1, z: -0.634114}
  - {x: -0.1815899, y: 0.8132506, z: -0.13188946}
  - {x: 0.32850993, y: 1, z: -0.343179}
  - {x: -0.1815899, y: 0.8132506, z: -0.13188946}
  - {x: 0.32850993, y: 1, z: -0.343179}
  - {x: -0.15535536, y: 0.8132506, z: 0.00000011920929}
  - {x: 0.3967726, y: 1, z: 0.00000071525574}
  - {x: -0.08328426, y: 0, z: 0.00000011920929}
  - {x: -0.5, y: 0, z: 0}
  - {x: -0.11500496, y: 0, z: 0.15947056}
  - {x: 0.3967726, y: 1, z: 0.00000071525574}
  - {x: -0.5000001, y: 1.2973456, z: 0.00000011920929}
  - {x: 0.32850993, y: 1, z: 0.343181}
  - {x: -0.11500496, y: 0, z: 0.15947056}
  - {x: -0.5, y: 0, z: 0}
  - {x: -0.20533758, y: 0, z: 0.29466283}
  - {x: 0.32850993, y: 1, z: 0.343181}
  - {x: -0.5000001, y: 1.2973456, z: 0.00000011920929}
  - {x: 0.13411385, y: 1, z: 0.63411486}
  - {x: -0.20533758, y: 0, z: 0.29466283}
  - {x: -0.5, y: 0, z: 0}
  - {x: -0.34052986, y: 0, z: 0.38499486}
  - {x: 0.13411385, y: 1, z: 0.63411486}
  - {x: -0.5000001, y: 1.2973456, z: 0.00000011920929}
  - {x: -0.15682015, y: 1, z: 0.82851005}
  - {x: -0.34052986, y: 0, z: 0.38499486}
  - {x: -0.5, y: 0, z: 0}
  - {x: -0.5, y: 0, z: 0.41671586}
  - {x: -0.15682015, y: 1, z: 0.82851005}
  - {x: -0.5000001, y: 1.2973456, z: 0.00000011920929}
  - {x: -0.5000003, y: 1, z: 0.89677346}
  - {x: -0.5, y: 0, z: 0.41671586}
  - {x: -0.5, y: 0, z: 0}
  - {x: -0.6594703, y: 0, z: 0.38499486}
  - {x: -0.5000003, y: 1, z: 0.89677346}
  - {x: -0.5000001, y: 1.2973456, z: 0.00000011920929}
  - {x: -0.84318, y: 1, z: 0.82851005}
  - {x: -0.6594703, y: 0, z: 0.38499486}
  - {x: -0.5, y: 0, z: 0}
  - {x: -0.7946627, y: 0, z: 0.29466283}
  - {x: -0.84318, y: 1, z: 0.82851005}
  - {x: -0.5000001, y: 1.2973456, z: 0.00000011920929}
  - {x: -1.1341147, y: 1, z: 0.63411486}
  - {x: -0.7946627, y: 0, z: 0.29466283}
  - {x: -0.5, y: 0, z: 0}
  - {x: -0.88499534, y: 0, z: 0.15947056}
  - {x: -1.1341147, y: 1, z: 0.63411486}
  - {x: -0.5000001, y: 1.2973456, z: 0.00000011920929}
  - {x: -1.3285103, y: 1, z: 0.343181}
  - {x: -0.88499534, y: 0, z: 0.15947056}
  - {x: -0.5, y: 0, z: 0}
  - {x: -0.91671574, y: 0, z: 0.00000011920929}
  - {x: -1.3285103, y: 1, z: 0.343181}
  - {x: -0.5000001, y: 1.2973456, z: 0.00000011920929}
  - {x: -1.3967727, y: 1, z: 0.00000071525574}
  - {x: -0.91671574, y: 0, z: 0.00000011920929}
  - {x: -0.5, y: 0, z: 0}
  - {x: -0.88499534, y: 0, z: -0.15947032}
  - {x: -1.3967727, y: 1, z: 0.00000071525574}
  - {x: -0.5000001, y: 1.2973456, z: 0.00000011920929}
  - {x: -1.3285103, y: 1, z: -0.343179}
  - {x: -0.88499534, y: 0, z: -0.15947032}
  - {x: -0.5, y: 0, z: 0}
  - {x: -0.7946627, y: 0, z: -0.2946626}
  - {x: -1.3285103, y: 1, z: -0.343179}
  - {x: -0.5000001, y: 1.2973456, z: 0.00000011920929}
  - {x: -1.1341147, y: 1, z: -0.634114}
  - {x: -0.7946627, y: 0, z: -0.2946626}
  - {x: -0.5, y: 0, z: 0}
  - {x: -0.6594703, y: 0, z: -0.38499463}
  - {x: -1.1341147, y: 1, z: -0.634114}
  - {x: -0.5000001, y: 1.2973456, z: 0.00000011920929}
  - {x: -0.8431803, y: 1, z: -0.8285092}
  - {x: -0.6594703, y: 0, z: -0.38499463}
  - {x: -0.5, y: 0, z: 0}
  - {x: -0.5, y: 0, z: -0.41671562}
  - {x: -0.8431803, y: 1, z: -0.8285092}
  - {x: -0.5000001, y: 1.2973456, z: 0.00000011920929}
  - {x: -0.5000003, y: 1, z: -0.8967726}
  - {x: -0.5, y: 0, z: -0.41671562}
  - {x: -0.5, y: 0, z: 0}
  - {x: -0.3405297, y: 0, z: -0.38499463}
  - {x: -0.5000003, y: 1, z: -0.8967726}
  - {x: -0.5000001, y: 1.2973456, z: 0.00000011920929}
  - {x: -0.15681985, y: 1, z: -0.8285092}
  - {x: -0.3405297, y: 0, z: -0.38499463}
  - {x: -0.5, y: 0, z: 0}
  - {x: -0.20533758, y: 0, z: -0.2946626}
  - {x: -0.15681985, y: 1, z: -0.8285092}
  - {x: -0.5000001, y: 1.2973456, z: 0.00000011920929}
  - {x: 0.1341137, y: 1, z: -0.634114}
  - {x: -0.20533758, y: 0, z: -0.2946626}
  - {x: -0.5, y: 0, z: 0}
  - {x: -0.11500496, y: 0, z: -0.15947032}
  - {x: 0.1341137, y: 1, z: -0.634114}
  - {x: -0.5000001, y: 1.2973456, z: 0.00000011920929}
  - {x: 0.32850993, y: 1, z: -0.343179}
  - {x: -0.11500496, y: 0, z: -0.15947032}
  - {x: -0.5, y: 0, z: 0}
  - {x: -0.08328426, y: 0, z: 0.00000011920929}
  - {x: 0.32850993, y: 1, z: -0.343179}
  - {x: -0.5000001, y: 1.2973456, z: 0.00000011920929}
  - {x: 0.3967726, y: 1, z: 0.00000071525574}
  m_Textures0:
  - {x: 0.016248098, y: 0.0057030623}
  - {x: 0.020888694, y: 0.3398518}
  - {x: 0.17884275, y: 0.0057030623}
  - {x: 0.17420217, y: 0.33985177}
  - {x: 0.19648826, y: 0.0004905428}
  - {x: 0.2011288, y: 0.33463928}
  - {x: 0.35908264, y: 0.0004905426}
  - {x: 0.35444206, y: 0.33463928}
  - {x: 0.3344375, y: -0.009140968}
  - {x: 0.33907813, y: 0.32500777}
  - {x: 0.49703154, y: -0.009140968}
  - {x: 0.49239132, y: 0.32500774}
  - {x: 0.4090962, y: -0.021724414}
  - {x: 0.41373682, y: 0.31242427}
  - {x: 0.5716906, y: -0.021724414}
  - {x: 0.56705, y: 0.31242433}
  - {x: 0.40909424, y: -0.03534624}
  - {x: 0.4137349, y: 0.2988025}
  - {x: 0.57168883, y: -0.03534624}
  - {x: 0.56704825, y: 0.29880247}
  - {x: 0.33444005, y: -0.047929022}
  - {x: 0.33908027, y: 0.2862197}
  - {x: 0.49703422, y: -0.047929022}
  - {x: 0.49239355, y: 0.28621972}
  - {x: 0.19648795, y: -0.057561472}
  - {x: 0.20112853, y: 0.27658728}
  - {x: 0.35908234, y: -0.057561472}
  - {x: 0.3544417, y: 0.27658728}
  - {x: 0.016246343, y: -0.06277411}
  - {x: 0.020886939, y: 0.2713746}
  - {x: 0.17884094, y: -0.06277411}
  - {x: 0.17420042, y: 0.2713746}
  - {x: -0.17884119, y: -0.06277369}
  - {x: -0.17420067, y: 0.27137503}
  - {x: -0.016246589, y: -0.06277369}
  - {x: -0.020887187, y: 0.27137506}
  - {x: -0.35908252, y: -0.057561565}
  - {x: -0.3544419, y: 0.27658716}
  - {x: -0.19648814, y: -0.05756157}
  - {x: -0.20112872, y: 0.27658716}
  - {x: -0.49703434, y: -0.04792987}
  - {x: -0.49239367, y: 0.28621885}
  - {x: -0.3344402, y: -0.04792987}
  - {x: -0.33908042, y: 0.28621885}
  - {x: -0.5716889, y: -0.035345186}
  - {x: -0.56704825, y: 0.2988035}
  - {x: -0.4090943, y: -0.035345186}
  - {x: -0.41373497, y: 0.29880354}
  - {x: -0.57169056, y: -0.02172504}
  - {x: -0.56704986, y: 0.3124237}
  - {x: -0.40909597, y: -0.02172504}
  - {x: -0.4137366, y: 0.31242365}
  - {x: -0.49703136, y: -0.009140776}
  - {x: -0.49239114, y: 0.32500792}
  - {x: -0.33443743, y: -0.009140776}
  - {x: -0.33907807, y: 0.32500795}
  - {x: -0.35908243, y: 0.0004905536}
  - {x: -0.35444185, y: 0.33463928}
  - {x: -0.19648805, y: 0.0004905538}
  - {x: -0.2011286, y: 0.33463928}
  - {x: -0.17884251, y: 0.005703037}
  - {x: -0.17420194, y: 0.33985177}
  - {x: -0.016247863, y: 0.005703037}
  - {x: -0.02088846, y: 0.33985177}
  - {x: 0.020888612, y: 0.34203452}
  - {x: 0.030308375, y: 0.82428265}
  - {x: 0.17420208, y: 0.34203452}
  - {x: 0.16478184, y: 0.82428265}
  - {x: 0.20112883, y: 0.33470315}
  - {x: 0.21054828, y: 0.8169513}
  - {x: 0.3544421, y: 0.33470315}
  - {x: 0.34502232, y: 0.8169513}
  - {x: 0.33907843, y: 0.32115656}
  - {x: 0.34849823, y: 0.8034046}
  - {x: 0.49239162, y: 0.32115656}
  - {x: 0.4829719, y: 0.8034046}
  - {x: 0.41373557, y: 0.3034571}
  - {x: 0.42315546, y: 0.7857052}
  - {x: 0.56704867, y: 0.3034571}
  - {x: 0.55762917, y: 0.7857052}
  - {x: 0.4137371, y: 0.2842998}
  - {x: 0.42315683, y: 0.7665479}
  - {x: 0.5670504, y: 0.2842998}
  - {x: 0.5576305, y: 0.7665479}
  - {x: 0.3390785, y: 0.2666}
  - {x: 0.34849817, y: 0.74884814}
  - {x: 0.49239177, y: 0.2666}
  - {x: 0.48297194, y: 0.74884814}
  - {x: 0.20112829, y: 0.25305325}
  - {x: 0.21054809, y: 0.7353014}
  - {x: 0.35444146, y: 0.25305325}
  - {x: 0.34502196, y: 0.7353014}
  - {x: 0.020887814, y: 0.24572147}
  - {x: 0.030308036, y: 0.72796965}
  - {x: 0.1742013, y: 0.24572147}
  - {x: 0.16478153, y: 0.7279696}
  - {x: -0.17420153, y: 0.245722}
  - {x: -0.16478176, y: 0.7279701}
  - {x: -0.02088805, y: 0.245722}
  - {x: -0.03030827, y: 0.7279701}
  - {x: -0.35444167, y: 0.25305262}
  - {x: -0.34502217, y: 0.7353008}
  - {x: -0.20112848, y: 0.25305262}
  - {x: -0.21054828, y: 0.7353007}
  - {x: -0.49239188, y: 0.26659992}
  - {x: -0.4829721, y: 0.748848}
  - {x: -0.3390786, y: 0.26659992}
  - {x: -0.3484986, y: 0.7488481}
  - {x: -0.56705046, y: 0.28429902}
  - {x: -0.5576306, y: 0.76654714}
  - {x: -0.41373715, y: 0.28429902}
  - {x: -0.4231569, y: 0.7665471}
  - {x: -0.5670486, y: 0.3034572}
  - {x: -0.5576291, y: 0.78570527}
  - {x: -0.41373533, y: 0.3034572}
  - {x: -0.41208035, y: 0.7861558}
  - {x: -0.4923914, y: 0.32115653}
  - {x: -0.47098413, y: 0.8034047}
  - {x: -0.33907837, y: 0.32115653}
  - {x: -0.36048535, y: 0.8034047}
  - {x: -0.35444188, y: 0.3346643}
  - {x: -0.3560968, y: 0.8173845}
  - {x: -0.20112862, y: 0.3346643}
  - {x: -0.21054807, y: 0.81689084}
  - {x: -0.17420186, y: 0.34203455}
  - {x: -0.1647816, y: 0.82428265}
  - {x: -0.020888377, y: 0.34203455}
  - {x: -0.030308142, y: 0.82428265}
  - {x: -0.11340371, y: 0.05216472}
  - {x: -0.69625926, y: 0.05216532}
  - {x: -0.08855223, y: 0.18432188}
  - {x: -0.6315954, y: 0.39604187}
  - {x: -0.04960434, y: 0.28036913}
  - {x: -0.59141874, y: 0.49521402}
  - {x: 0.022211246, y: 0.39406076}
  - {x: -0.4045531, y: 0.79104096}
  - {x: 0.09868959, y: 0.46416375}
  - {x: -0.31989056, y: 0.86976415}
  - {x: 0.20850292, y: 0.54177946}
  - {x: -0.034153815, y: 1.0717211}
  - {x: 0.3126887, y: 0.5690502}
  - {x: 0.0893392, y: 1.1074138}
  - {x: 0.44428104, y: 0.5967382}
  - {x: 0.43174526, y: 1.1794596}
  - {x: 0.5534635, y: 0.5752735}
  - {x: 0.5659997, y: 1.1579949}
  - {x: 0.6850558, y: 0.54758555}
  - {x: 0.9084053, y: 1.0859492}
  - {x: 0.77363324, y: 0.49077082}
  - {x: 1.01629, y: 1.0207124}
  - {x: 0.8834467, y: 0.41315508}
  - {x: 1.3020275, y: 0.8187555}
  - {x: 0.9390518, y: 0.34413576}
  - {x: 1.3658167, y: 0.74111587}
  - {x: 1.0108671, y: 0.23044413}
  - {x: 1.5526819, y: 0.44528896}
  - {x: 1.0358329, y: 0.16394323}
  - {x: 1.5788764, y: 0.37566322}
  - {x: 1.0606846, y: 0.03178606}
  - {x: 1.6435401, y: 0.031786676}
  - {x: 1.0606848, y: -0.031785842}
  - {x: 1.6435404, y: -0.031785246}
  - {x: 1.0358332, y: -0.16394301}
  - {x: 1.5788767, y: -0.3756612}
  - {x: 1.0108672, y: -0.23044392}
  - {x: 1.5526819, y: -0.44528696}
  - {x: 0.9390519, y: -0.34413555}
  - {x: 1.3658168, y: -0.74111503}
  - {x: 0.88344604, y: -0.41315547}
  - {x: 1.3020266, y: -0.8187554}
  - {x: 0.7736325, y: -0.4907706}
  - {x: 1.0162894, y: -1.0207123}
  - {x: 0.685057, y: -0.5475844}
  - {x: 0.90840703, y: -1.0859479}
  - {x: 0.5534647, y: -0.57527304}
  - {x: 0.5660011, y: -1.1579938}
  - {x: 0.4348797, y: -0.59812707}
  - {x: 0.4202776, y: -1.1807997}
  - {x: 0.29345694, y: -0.56341267}
  - {x: 0.07814786, y: -1.1075407}
  - {x: 0.19871375, y: -0.53486043}
  - {x: -0.03415409, y: -1.0717207}
  - {x: 0.10847864, y: -0.47108266}
  - {x: -0.31989038, y: -0.86976385}
  - {x: 0.039665647, y: -0.40603518}
  - {x: -0.3960242, y: -0.7967027}
  - {x: -0.04194241, y: -0.28543}
  - {x: -0.5833755, y: -0.5012031}
  - {x: -0.08855226, y: -0.18432166}
  - {x: -0.6315954, y: -0.39603984}
  - {x: -0.11340374, y: -0.052164484}
  - {x: -0.6962593, y: -0.05216389}
  - {x: 0.08328426, y: 0.00000011920929}
  - {x: 0.5, y: 0}
  - {x: 0.11500496, y: 0.15947056}
  - {x: 0.061886385, y: -0.06710633}
  - {x: -0.882897, y: -0.067106925}
  - {x: -0.0029074003, y: 0.2767458}
  - {x: 0.11500496, y: 0.15947056}
  - {x: 0.5, y: 0}
  - {x: 0.20533758, y: 0.29466283}
  - {x: 0.04564707, y: 0.15059786}
  - {x: -0.8324149, y: -0.1981478}
  - {x: -0.1414961, y: 0.44624928}
  - {x: 0.20533758, y: 0.29466283}
  - {x: 0.5, y: 0}
  - {x: 0.34052986, y: 0.38499486}
  - {x: -0.052783716, y: 0.34291416}
  - {x: -0.73088837, y: -0.31495407}
  - {x: -0.33871803, y: 0.54459125}
  - {x: 0.34052986, y: 0.38499486}
  - {x: 0.5, y: 0}
  - {x: 0.5, y: 0.41671586}
  - {x: -0.22229174, y: 0.47639093}
  - {x: -0.58429646, y: -0.3962878}
  - {x: -0.5647279, y: 0.54829353}
  - {x: 0.5, y: 0.41671586}
  - {x: 0.5, y: 0}
  - {x: 0.6594703, y: 0.38499486}
  - {x: -0.4331047, y: 0.5276216}
  - {x: -0.4135357, y: -0.41695964}
  - {x: -0.7755404, y: 0.45571905}
  - {x: 0.6594703, y: 0.38499486}
  - {x: 0.5, y: 0}
  - {x: 0.7946627, y: 0.29466283}
  - {x: -0.64409757, y: 0.49543607}
  - {x: -0.25192744, y: -0.36410928}
  - {x: -0.9300327, y: 0.29375896}
  - {x: 0.7946627, y: 0.29466283}
  - {x: 0.5, y: 0}
  - {x: 0.88499534, y: 0.15947056}
  - {x: -0.82119477, y: 0.3981012}
  - {x: -0.13027526, y: -0.24629582}
  - {x: -1.0083374, y: 0.10244983}
  - {x: 0.88499534, y: 0.15947056}
  - {x: 0.5, y: 0}
  - {x: 0.91671574, y: 0.00000011920929}
  - {x: -0.94627625, y: 0.2570821}
  - {x: -0.06628648, y: -0.08677061}
  - {x: -1.0110698, y: -0.08677001}
  - {x: 0.91671574, y: 0.00000011920929}
  - {x: 0.5, y: 0}
  - {x: 0.88499534, y: -0.15947032}
  - {x: -1.0110698, y: 0.08677161}
  - {x: -0.066286445, y: 0.08677101}
  - {x: -0.9462762, y: -0.2570799}
  - {x: 0.88499534, y: -0.15947032}
  - {x: 0.5, y: 0}
  - {x: 0.7946627, y: -0.2946626}
  - {x: -1.0083367, y: -0.10244824}
  - {x: -0.13027447, y: 0.24629554}
  - {x: -0.821194, y: -0.39810082}
  - {x: 0.7946627, y: -0.2946626}
  - {x: 0.5, y: 0}
  - {x: 0.6594703, y: -0.38499463}
  - {x: -0.9300324, y: -0.2937581}
  - {x: -0.25192714, y: 0.36410952}
  - {x: -0.6440976, y: -0.4954352}
  - {x: 0.6594703, y: -0.38499463}
  - {x: 0.5, y: 0}
  - {x: 0.5, y: -0.41671562}
  - {x: -0.7755407, y: -0.45571798}
  - {x: -0.4135357, y: 0.41696015}
  - {x: -0.4331047, y: -0.5276206}
  - {x: 0.5, y: -0.41671562}
  - {x: 0.5, y: 0}
  - {x: 0.3405297, y: -0.38499463}
  - {x: -0.56472784, y: -0.5482926}
  - {x: -0.58429646, y: 0.39628822}
  - {x: -0.22229142, y: -0.47638994}
  - {x: 0.3405297, y: -0.38499463}
  - {x: 0.5, y: 0}
  - {x: 0.20533758, y: -0.2946626}
  - {x: -0.33871803, y: -0.5445904}
  - {x: -0.7308887, y: 0.31495425}
  - {x: -0.052784167, y: -0.34291336}
  - {x: 0.20533758, y: -0.2946626}
  - {x: 0.5, y: 0}
  - {x: 0.11500496, y: -0.15947032}
  - {x: -0.14149675, y: -0.44624877}
  - {x: -0.8324155, y: 0.1981477}
  - {x: 0.045646552, y: -0.15059613}
  - {x: 0.11500496, y: -0.15947032}
  - {x: 0.5, y: 0}
  - {x: 0.08328426, y: 0.00000011920929}
  - {x: -0.0029074897, y: -0.27674362}
  - {x: -0.88289714, y: 0.067107305}
  - {x: 0.061886296, y: 0.0671079}
  m_Textures2: []
  m_Textures3: []
  m_Tangents:
  - {x: -0.0010078847, y: 0.014121169, z: 0.9998998, w: -1}
  - {x: -0.0014590393, y: 0.016972177, z: 0.9998549, w: -1}
  - {x: -0.3817142, y: -0.01412104, z: 0.9241725, w: -1}
  - {x: -0.3812801, y: -0.016971951, z: 0.9243037, w: -1}
  - {x: -0.38357612, y: 0.014121134, z: 0.92340124, w: -1}
  - {x: -0.38397604, y: 0.016972113, z: 0.923187, w: -1}
  - {x: -0.7063245, y: -0.014121239, z: 0.70774734, w: -1}
  - {x: -0.70597285, y: -0.016972046, z: 0.70803547, w: -1}
  - {x: -0.70774966, y: 0.014121234, z: 0.7063222, w: -1}
  - {x: -0.7080362, y: 0.01697225, z: 0.7059722, w: -1}
  - {x: -0.9234011, y: -0.014120686, z: 0.38357645, w: -1}
  - {x: -0.92318726, y: -0.016971802, z: 0.38397542, w: -1}
  - {x: -0.92417234, y: 0.014120782, z: 0.3817146, w: -1}
  - {x: -0.92430395, y: 0.016971717, z: 0.38127962, w: -1}
  - {x: -0.9998998, y: -0.014121455, z: 0.0010067, w: -1}
  - {x: -0.9998549, y: -0.016972272, z: 0.00145872, w: -1}
  - {x: -0.9998998, y: 0.014121257, z: -0.0010087052, w: -1}
  - {x: -0.9998549, y: 0.016972095, z: -0.0014593734, w: -1}
  - {x: -0.9241731, y: -0.014120749, z: -0.38171265, w: -1}
  - {x: -0.9243044, y: -0.016971802, z: -0.38127854, w: -1}
  - {x: -0.92340195, y: 0.014120848, z: -0.38357455, w: -1}
  - {x: -0.92318773, y: 0.01697181, z: -0.3839744, w: -1}
  - {x: -0.70774925, y: -0.014121254, z: -0.7063226, w: -1}
  - {x: -0.70803595, y: -0.016972315, z: -0.7059724, w: -1}
  - {x: -0.70632416, y: 0.014121161, z: -0.7077477, w: -1}
  - {x: -0.7059726, y: 0.016972098, z: -0.70803577, w: -1}
  - {x: -0.3835754, y: -0.014121236, z: -0.9234016, w: -1}
  - {x: -0.38397524, y: -0.01697219, z: -0.9231874, w: -1}
  - {x: -0.3817134, y: 0.014121237, z: -0.9241728, w: -1}
  - {x: -0.3812792, y: 0.016972153, z: -0.9243041, w: -1}
  - {x: -0.0010079299, y: -0.014121025, z: -0.9998998, w: -1}
  - {x: -0.0014594187, y: -0.016971992, z: -0.9998549, w: -1}
  - {x: 0.0010074439, y: 0.014121024, z: -0.9998998, w: -1}
  - {x: 0.0014586288, y: 0.016971918, z: -0.9998549, w: -1}
  - {x: 0.38171375, y: -0.01412131, z: -0.92417276, w: -1}
  - {x: 0.38127992, y: -0.016972385, z: -0.9243038, w: -1}
  - {x: 0.38357574, y: 0.014121232, z: -0.9234015, w: -1}
  - {x: 0.38397586, y: 0.016972162, z: -0.9231871, w: -1}
  - {x: 0.7063245, y: -0.014121271, z: -0.7077473, w: -1}
  - {x: 0.7059726, y: -0.0169721, z: -0.7080357, w: -1}
  - {x: 0.7077496, y: 0.014121283, z: -0.7063222, w: -1}
  - {x: 0.70803595, y: 0.016972225, z: -0.7059723, w: -1}
  - {x: 0.92340124, y: -0.014120774, z: -0.38357615, w: -1}
  - {x: 0.92318755, y: -0.016972115, z: -0.38397485, w: -1}
  - {x: 0.92417246, y: 0.014120774, z: -0.38171434, w: -1}
  - {x: 0.92430425, y: 0.016971854, z: -0.38127884, w: -1}
  - {x: 0.9998998, y: -0.014121349, z: -0.0010065631, w: -1}
  - {x: 0.9998549, y: -0.016972046, z: -0.0014591446, w: -1}
  - {x: 0.9998998, y: 0.01412125, z: 0.0010088269, w: -1}
  - {x: 0.9998549, y: 0.016972268, z: 0.0014589328, w: -1}
  - {x: 0.924173, y: -0.014120682, z: 0.3817131, w: -1}
  - {x: 0.9228034, y: -0.017547652, z: 0.38487145, w: -1}
  - {x: 0.9234018, y: 0.014120879, z: 0.38357496, w: -1}
  - {x: 0.92165774, y: 0.01683587, z: 0.38763842, w: -1}
  - {x: 0.70774883, y: -0.014121225, z: 0.706323, w: -1}
  - {x: 0.70812285, y: -0.01743973, z: 0.70587385, w: -1}
  - {x: 0.7063238, y: 0.014121117, z: 0.7077481, w: -1}
  - {x: 0.70594215, y: 0.01744841, z: 0.7080545, w: -1}
  - {x: 0.3835764, y: -0.014121129, z: 0.9234012, w: -1}
  - {x: 0.38758555, y: -0.016855335, z: 0.9216797, w: -1}
  - {x: 0.38171443, y: 0.014121122, z: 0.9241724, w: -1}
  - {x: 0.38481396, y: 0.017556844, z: 0.9228272, w: -1}
  - {x: 0.0010074897, y: -0.01412117, z: 0.9998998, w: -1}
  - {x: 0.0014590542, y: -0.01697204, z: 0.9998549, w: -1}
  - {x: -0.0014590238, y: 0.016972044, z: 0.9998549, w: -1}
  - {x: -0.05921187, y: -0.090569295, z: 0.99412835, w: -1}
  - {x: -0.38128006, y: -0.01697211, z: 0.92430377, w: -1}
  - {x: -0.3257318, y: 0.09056894, z: 0.94111425, w: -1}
  - {x: -0.38397604, y: 0.016972145, z: 0.9231871, w: -1}
  - {x: -0.4351411, y: -0.09056916, z: 0.8957954, w: -1}
  - {x: -0.70597285, y: -0.016972123, z: 0.7080355, w: -1}
  - {x: -0.66108507, y: 0.090569444, z: 0.7448246, w: -1}
  - {x: -0.7080362, y: 0.016972022, z: 0.70597214, w: -1}
  - {x: -0.7448237, y: -0.090569384, z: 0.6610861, w: -1}
  - {x: -0.92318726, y: -0.016972039, z: 0.3839755, w: -1}
  - {x: -0.89579535, y: 0.09056979, z: 0.43514118, w: -1}
  - {x: -0.92430395, y: 0.016972112, z: 0.38127956, w: -1}
  - {x: -0.9411145, y: -0.09056971, z: 0.32573092, w: -1}
  - {x: -0.9998549, y: -0.01697192, z: 0.0014587046, w: -1}
  - {x: -0.9941284, y: 0.09056858, z: 0.059212007, w: -1}
  - {x: -0.9998549, y: 0.0169718, z: -0.0014593271, w: -1}
  - {x: -0.99412847, y: -0.09056871, z: -0.059211288, w: -1}
  - {x: -0.9243044, y: -0.016971936, z: -0.3812785, w: -1}
  - {x: -0.9411144, y: 0.09056946, z: -0.32573122, w: -1}
  - {x: -0.9231877, y: 0.016972024, z: -0.38397446, w: -1}
  - {x: -0.89579546, y: -0.09056928, z: -0.43514094, w: -1}
  - {x: -0.70803595, y: -0.016972087, z: -0.7059724, w: -1}
  - {x: -0.74482363, y: 0.09056951, z: -0.6610861, w: -1}
  - {x: -0.7059726, y: 0.016972108, z: -0.7080357, w: -1}
  - {x: -0.6610849, y: -0.09056956, z: -0.74482477, w: -1}
  - {x: -0.38397518, y: -0.016972065, z: -0.92318743, w: -1}
  - {x: -0.4351398, y: 0.090568274, z: -0.8957962, w: -1}
  - {x: -0.38127926, y: 0.016972112, z: -0.9243041, w: -1}
  - {x: -0.3257314, y: -0.09056832, z: -0.9411145, w: -1}
  - {x: -0.0014594039, y: -0.01697186, z: -0.9998549, w: -1}
  - {x: -0.05921282, y: 0.09057016, z: -0.9941282, w: -1}
  - {x: 0.0014586594, y: 0.016972061, z: -0.9998549, w: -1}
  - {x: 0.05921205, y: -0.090569586, z: -0.99412835, w: -1}
  - {x: 0.38127995, y: -0.016972095, z: -0.9243038, w: -1}
  - {x: 0.32573208, y: 0.0905683, z: -0.94111425, w: -1}
  - {x: 0.38397586, y: 0.016972136, z: -0.9231871, w: -1}
  - {x: 0.4351405, y: -0.090568446, z: -0.89579576, w: -1}
  - {x: 0.7059726, y: -0.016972, z: -0.70803577, w: -1}
  - {x: 0.66108465, y: 0.0905708, z: -0.7448248, w: -1}
  - {x: 0.708036, y: 0.016972102, z: -0.7059723, w: -1}
  - {x: 0.7448244, y: -0.09057042, z: -0.6610851, w: -1}
  - {x: 0.92318755, y: -0.016972208, z: -0.38397482, w: -1}
  - {x: 0.8957964, y: 0.09056772, z: -0.43513945, w: -1}
  - {x: 0.9243043, y: 0.016972154, z: -0.38127884, w: -1}
  - {x: 0.9411144, y: -0.090568274, z: -0.32573143, w: -1}
  - {x: 0.9998549, y: -0.016971877, z: -0.0014591456, w: -1}
  - {x: 0.99409014, y: 0.09516117, z: -0.052240726, w: -1}
  - {x: 0.9998549, y: 0.016971873, z: 0.0014588867, w: -1}
  - {x: 0.9929877, y: -0.094238326, z: 0.071375966, w: -1}
  - {x: 0.922806, y: -0.017702365, z: 0.38485798, w: -1}
  - {x: 0.93482286, y: 0.08008931, z: 0.34596524, w: -1}
  - {x: 0.92165774, y: 0.016836092, z: 0.38763845, w: -1}
  - {x: 0.8923622, y: -0.083817326, z: 0.44346872, w: -1}
  - {x: 0.70812285, y: -0.017439563, z: 0.70587385, w: -1}
  - {x: 0.749647, y: 0.08576829, z: 0.656257, w: -1}
  - {x: 0.7059422, y: 0.017448392, z: 0.7080545, w: -1}
  - {x: 0.6707689, y: -0.086761154, z: 0.73657423, w: -1}
  - {x: 0.38756284, y: -0.01654814, z: 0.9216947, w: -1}
  - {x: 0.45345244, y: 0.10131348, z: 0.8855035, w: -1}
  - {x: 0.384814, y: 0.017556878, z: 0.9228271, w: -1}
  - {x: 0.33399427, y: -0.09712892, z: 0.93755734, w: -1}
  - {x: 0.0014590544, y: -0.016972084, z: 0.9998549, w: -1}
  - {x: 0.059212223, y: 0.090569384, z: 0.99412835, w: -1}
  - {x: -0.54720825, y: -0.8369965, z: -0.00000009276479, w: -1}
  - {x: -0.94728094, y: -0.32040426, z: -0.0000000018480819, w: -1}
  - {x: -0.6218983, y: -0.75302714, z: 0.21492468, w: -1}
  - {x: -0.95437473, y: -0.29859823, z: -0.0028335701, w: -1}
  - {x: -0.6245165, y: -0.7446335, z: 0.23558488, w: -1}
  - {x: -0.954585, y: -0.297925, z: 0.0028754135, w: -1}
  - {x: -0.78579164, y: -0.5552771, z: 0.27239442, w: -1}
  - {x: -0.9719895, y: -0.23481882, z: -0.0098237805, w: -1}
  - {x: -0.7960125, y: -0.51230615, z: 0.32234544, w: -1}
  - {x: -0.973062, y: -0.23032513, z: 0.010037447, w: -1}
  - {x: -0.9355422, y: -0.31101197, z: 0.16742845, w: -1}
  - {x: -0.9908849, y: -0.1336155, z: -0.017147098, w: -1}
  - {x: -0.9457676, y: -0.23135221, z: 0.2280346, w: -1}
  - {x: -0.9922549, y: -0.122990884, z: 0.017420303, w: -1}
  - {x: -0.9984182, y: -0.04705911, z: -0.030765755, w: -1}
  - {x: -0.9997677, y: -0.0069054235, z: -0.020415464, w: -1}
  - {x: -0.9984182, y: 0.04705817, z: 0.030765919, w: -1}
  - {x: -0.9997677, y: 0.006904938, z: 0.02041516, w: -1}
  - {x: -0.9457675, y: 0.23135225, z: -0.22803473, w: -1}
  - {x: -0.9922549, y: 0.12299107, z: -0.017420627, w: -1}
  - {x: -0.93554217, y: 0.31101227, z: -0.16742846, w: -1}
  - {x: -0.99088484, y: 0.13361572, z: 0.017146893, w: -1}
  - {x: -0.79601246, y: 0.5123061, z: -0.32234567, w: -1}
  - {x: -0.97306204, y: 0.2303249, z: -0.010037503, w: -1}
  - {x: -0.7857915, y: 0.55527747, z: -0.2723943, w: -1}
  - {x: -0.9719896, y: 0.23481862, z: 0.009823894, w: -1}
  - {x: -0.62451595, y: 0.744634, z: -0.23558451, w: -1}
  - {x: -0.954585, y: 0.29792482, z: -0.0028752764, w: -1}
  - {x: -0.621898, y: 0.7530274, z: -0.2149246, w: -1}
  - {x: -0.9543748, y: 0.29859805, z: 0.002833554, w: -1}
  - {x: -0.5472085, y: 0.8369964, z: -0.00000013869695, w: -1}
  - {x: -0.94728094, y: 0.32040426, z: -0.00000004895751, w: -1}
  - {x: -0.54720837, y: 0.8369964, z: -0.00000012583769, w: -1}
  - {x: -0.94728094, y: 0.32040426, z: -4.984205e-10, w: -1}
  - {x: -0.6218982, y: 0.75302726, z: 0.2149247, w: -1}
  - {x: -0.9543746, y: 0.29859856, z: -0.0028335212, w: -1}
  - {x: -0.6245162, y: 0.74463373, z: 0.23558465, w: -1}
  - {x: -0.9545849, y: 0.29792532, z: 0.0028753534, w: -1}
  - {x: -0.78579175, y: 0.5552772, z: 0.2723941, w: -1}
  - {x: -0.9719895, y: 0.23481886, z: -0.0098239165, w: -1}
  - {x: -0.7960127, y: 0.5123055, z: 0.3223458, w: -1}
  - {x: -0.973062, y: 0.23032512, z: 0.010037614, w: -1}
  - {x: -0.9355424, y: 0.31101137, z: 0.16742878, w: -1}
  - {x: -0.9908849, y: 0.13361563, z: -0.017146768, w: -1}
  - {x: -0.94576764, y: 0.23135279, z: 0.22803394, w: -1}
  - {x: -0.9922549, y: 0.12299118, z: 0.017420078, w: -1}
  - {x: -0.998381, y: 0.0425812, z: -0.03771114, w: -1}
  - {x: -0.9997654, y: 0.004504543, z: -0.021187032, w: -1}
  - {x: -0.997817, y: -0.059399728, z: 0.028860975, w: -1}
  - {x: -0.99968266, y: -0.01039108, z: 0.022945547, w: -1}
  - {x: -0.941459, y: -0.2428206, z: -0.23386571, w: -1}
  - {x: -0.9922093, y: -0.12380787, z: -0.0138653135, w: -1}
  - {x: -0.93155545, y: -0.3178209, z: -0.17661917, w: -1}
  - {x: -0.99092746, y: -0.13329676, z: 0.017169919, w: -1}
  - {x: -0.80005646, y: -0.5068149, z: -0.32101128, w: -1}
  - {x: -0.97358155, y: -0.2281385, z: -0.009580493, w: -1}
  - {x: -0.79089695, y: -0.5460994, z: -0.27614745, w: -1}
  - {x: -0.97261345, y: -0.23227179, z: 0.008542206, w: -1}
  - {x: -0.631078, y: -0.73684084, z: -0.24249971, w: -1}
  - {x: -0.95464164, y: -0.29772177, z: -0.004584723, w: -1}
  - {x: -0.6279577, y: -0.74696636, z: -0.21842696, w: -1}
  - {x: -0.9543746, y: -0.2985985, z: 0.002833568, w: -1}
  - {x: -0.54720825, y: -0.8369965, z: -0.0000000663923, w: -1}
  - {x: -0.94728094, y: -0.32040426, z: -0.0000000020705115, w: -1}
  - {x: -1, y: 0, z: 0, w: -1}
  - {x: -1, y: 0, z: 0, w: -1}
  - {x: -1, y: 0, z: 0, w: -1}
  - {x: 0.94918346, y: -0.31472358, z: 0.0000000012278327, w: -1}
  - {x: 0.94918346, y: -0.31472358, z: 0.0000000012278327, w: -1}
  - {x: 0.94918346, y: -0.31472358, z: 0.0000000012278327, w: -1}
  - {x: -1, y: 0, z: 0, w: -1}
  - {x: -1, y: 0, z: 0, w: -1}
  - {x: -1, y: 0, z: 0, w: -1}
  - {x: 0.9626902, y: -0.27060622, z: 0.00000003669448, w: -1}
  - {x: 0.9626902, y: -0.27060622, z: 0.00000003669448, w: -1}
  - {x: 0.9626902, y: -0.27060622, z: 0.00000003669448, w: -1}
  - {x: -1, y: 0, z: 0, w: -1}
  - {x: -1, y: 0, z: 0, w: -1}
  - {x: -1, y: 0, z: 0, w: -1}
  - {x: 0.98281515, y: -0.18459284, z: -0.000000038974097, w: -1}
  - {x: 0.98281515, y: -0.18459284, z: -0.000000038974097, w: -1}
  - {x: 0.98281515, y: -0.18459284, z: -0.000000038974097, w: -1}
  - {x: -1, y: 0, z: 0, w: -1}
  - {x: -1, y: 0, z: 0, w: -1}
  - {x: -1, y: 0, z: 0, w: -1}
  - {x: 0.99783206, y: -0.06581155, z: -0.000000026816146, w: -1}
  - {x: 0.99783206, y: -0.06581155, z: -0.000000026816146, w: -1}
  - {x: 0.99783206, y: -0.06581155, z: -0.000000026816146, w: -1}
  - {x: -1, y: 0, z: 0, w: -1}
  - {x: -1, y: 0, z: 0, w: -1}
  - {x: -1, y: 0, z: 0, w: -1}
  - {x: 0.99783206, y: 0.065811604, z: 0.000000088714245, w: -1}
  - {x: 0.99783206, y: 0.065811604, z: 0.000000088714245, w: -1}
  - {x: 0.99783206, y: 0.065811604, z: 0.000000088714245, w: -1}
  - {x: -1, y: 0, z: 0, w: -1}
  - {x: -1, y: 0, z: 0, w: -1}
  - {x: -1, y: 0, z: 0, w: -1}
  - {x: 0.98281515, y: 0.1845925, z: -0.000000043545754, w: -1}
  - {x: 0.98281515, y: 0.1845925, z: -0.000000043545754, w: -1}
  - {x: 0.98281515, y: 0.1845925, z: -0.000000043545754, w: -1}
  - {x: -1, y: 0, z: 0, w: -1}
  - {x: -1, y: 0, z: 0, w: -1}
  - {x: -1, y: 0, z: 0, w: -1}
  - {x: 0.9626902, y: 0.27060634, z: 0.000000024277192, w: -1}
  - {x: 0.9626902, y: 0.27060634, z: 0.000000024277192, w: -1}
  - {x: 0.9626902, y: 0.27060634, z: 0.000000024277192, w: -1}
  - {x: -1, y: 0, z: 0, w: -1}
  - {x: -1, y: 0, z: 0, w: -1}
  - {x: -1, y: 0, z: 0, w: -1}
  - {x: 0.94918334, y: 0.3147236, z: 6.3426414e-10, w: -1}
  - {x: 0.94918334, y: 0.3147236, z: 6.3426414e-10, w: -1}
  - {x: 0.94918334, y: 0.3147236, z: 6.3426414e-10, w: -1}
  - {x: -1, y: 0, z: 0, w: -1}
  - {x: -1, y: 0, z: 0, w: -1}
  - {x: -1, y: 0, z: 0, w: -1}
  - {x: 0.94918334, y: 0.31472367, z: -0.000000003089827, w: -1}
  - {x: 0.94918334, y: 0.31472367, z: -0.000000003089827, w: -1}
  - {x: 0.94918334, y: 0.31472367, z: -0.000000003089827, w: -1}
  - {x: -1, y: 0, z: 0, w: -1}
  - {x: -1, y: 0, z: 0, w: -1}
  - {x: -1, y: 0, z: 0, w: -1}
  - {x: 0.96268994, y: 0.27060685, z: -0.000000022808202, w: -1}
  - {x: 0.96268994, y: 0.27060685, z: -0.000000022808202, w: -1}
  - {x: 0.96268994, y: 0.27060685, z: -0.000000022808202, w: -1}
  - {x: -1, y: 0, z: 0, w: -1}
  - {x: -1, y: 0, z: 0, w: -1}
  - {x: -1, y: 0, z: 0, w: -1}
  - {x: 0.98281515, y: 0.18459272, z: 0.000000047701437, w: -1}
  - {x: 0.98281515, y: 0.18459272, z: 0.000000047701437, w: -1}
  - {x: 0.98281515, y: 0.18459272, z: 0.000000047701437, w: -1}
  - {x: -1, y: 0, z: 0, w: -1}
  - {x: -1, y: 0, z: 0, w: -1}
  - {x: -1, y: 0, z: 0, w: -1}
  - {x: 0.99783206, y: 0.06581164, z: 0.000000042692783, w: -1}
  - {x: 0.99783206, y: 0.06581164, z: 0.000000042692783, w: -1}
  - {x: 0.99783206, y: 0.06581164, z: 0.000000042692783, w: -1}
  - {x: -1, y: 0, z: 0, w: -1}
  - {x: -1, y: 0, z: 0, w: -1}
  - {x: -1, y: 0, z: 0, w: -1}
  - {x: 0.9978321, y: -0.06581156, z: -0.00000004152259, w: -1}
  - {x: 0.9978321, y: -0.06581156, z: -0.00000004152259, w: -1}
  - {x: 0.9978321, y: -0.06581156, z: -0.00000004152259, w: -1}
  - {x: -1, y: 0, z: 0, w: -1}
  - {x: -1, y: 0, z: 0, w: -1}
  - {x: -1, y: 0, z: 0, w: -1}
  - {x: 0.982815, y: -0.18459311, z: 0.000000051760008, w: -1}
  - {x: 0.982815, y: -0.18459311, z: 0.000000051760008, w: -1}
  - {x: 0.982815, y: -0.18459311, z: 0.000000051760008, w: -1}
  - {x: -1, y: 0, z: 0, w: -1}
  - {x: -1, y: 0, z: 0, w: -1}
  - {x: -1, y: 0, z: 0, w: -1}
  - {x: 0.96269, y: -0.2706067, z: 0.000000013526217, w: -1}
  - {x: 0.96269, y: -0.2706067, z: 0.000000013526217, w: -1}
  - {x: 0.96269, y: -0.2706067, z: 0.000000013526217, w: -1}
  - {x: -1, y: 0, z: 0, w: -1}
  - {x: -1, y: 0, z: 0, w: -1}
  - {x: -1, y: 0, z: 0, w: -1}
  - {x: 0.94918334, y: -0.31472367, z: 0.0000000030898326, w: -1}
  - {x: 0.94918334, y: -0.31472367, z: 0.0000000030898326, w: -1}
  - {x: 0.94918334, y: -0.31472367, z: 0.0000000030898326, w: -1}
  m_Colors:
  - {r: 0.39215687, g: 0.2509804, b: 0.05882353, a: 1}
  - {r: 0.39215687, g: 0.2509804, b: 0.05882353, a: 1}
  - {r: 0.39215687, g: 0.2509804, b: 0.05882353, a: 1}
  - {r: 0.39215687, g: 0.2509804, b: 0.05882353, a: 1}
  - {r: 0.39215687, g: 0.2509804, b: 0.05882353, a: 1}
  - {r: 0.39215687, g: 0.2509804, b: 0.05882353, a: 1}
  - {r: 0.39215687, g: 0.2509804, b: 0.05882353, a: 1}
  - {r: 0.39215687, g: 0.2509804, b: 0.05882353, a: 1}
  - {r: 0.39215687, g: 0.2509804, b: 0.05882353, a: 1}
  - {r: 0.39215687, g: 0.2509804, b: 0.05882353, a: 1}
  - {r: 0.39215687, g: 0.2509804, b: 0.05882353, a: 1}
  - {r: 0.39215687, g: 0.2509804, b: 0.05882353, a: 1}
  - {r: 0.39215687, g: 0.2509804, b: 0.05882353, a: 1}
  - {r: 0.39215687, g: 0.2509804, b: 0.05882353, a: 1}
  - {r: 0.39215687, g: 0.2509804, b: 0.05882353, a: 1}
  - {r: 0.39215687, g: 0.2509804, b: 0.05882353, a: 1}
  - {r: 0.39215687, g: 0.2509804, b: 0.05882353, a: 1}
  - {r: 0.39215687, g: 0.2509804, b: 0.05882353, a: 1}
  - {r: 0.39215687, g: 0.2509804, b: 0.05882353, a: 1}
  - {r: 0.39215687, g: 0.2509804, b: 0.05882353, a: 1}
  - {r: 0.39215687, g: 0.2509804, b: 0.05882353, a: 1}
  - {r: 0.39215687, g: 0.2509804, b: 0.05882353, a: 1}
  - {r: 0.39215687, g: 0.2509804, b: 0.05882353, a: 1}
  - {r: 0.39215687, g: 0.2509804, b: 0.05882353, a: 1}
  - {r: 0.39215687, g: 0.2509804, b: 0.05882353, a: 1}
  - {r: 0.39215687, g: 0.2509804, b: 0.05882353, a: 1}
  - {r: 0.39215687, g: 0.2509804, b: 0.05882353, a: 1}
  - {r: 0.39215687, g: 0.2509804, b: 0.05882353, a: 1}
  - {r: 0.39215687, g: 0.2509804, b: 0.05882353, a: 1}
  - {r: 0.39215687, g: 0.2509804, b: 0.05882353, a: 1}
  - {r: 0.39215687, g: 0.2509804, b: 0.05882353, a: 1}
  - {r: 0.39215687, g: 0.2509804, b: 0.05882353, a: 1}
  - {r: 0.39215687, g: 0.2509804, b: 0.05882353, a: 1}
  - {r: 0.39215687, g: 0.2509804, b: 0.05882353, a: 1}
  - {r: 0.39215687, g: 0.2509804, b: 0.05882353, a: 1}
  - {r: 0.39215687, g: 0.2509804, b: 0.05882353, a: 1}
  - {r: 0.39215687, g: 0.2509804, b: 0.05882353, a: 1}
  - {r: 0.39215687, g: 0.2509804, b: 0.05882353, a: 1}
  - {r: 0.39215687, g: 0.2509804, b: 0.05882353, a: 1}
  - {r: 0.39215687, g: 0.2509804, b: 0.05882353, a: 1}
  - {r: 0.39215687, g: 0.2509804, b: 0.05882353, a: 1}
  - {r: 0.39215687, g: 0.2509804, b: 0.05882353, a: 1}
  - {r: 0.39215687, g: 0.2509804, b: 0.05882353, a: 1}
  - {r: 0.39215687, g: 0.2509804, b: 0.05882353, a: 1}
  - {r: 0.39215687, g: 0.2509804, b: 0.05882353, a: 1}
  - {r: 0.39215687, g: 0.2509804, b: 0.05882353, a: 1}
  - {r: 0.39215687, g: 0.2509804, b: 0.05882353, a: 1}
  - {r: 0.39215687, g: 0.2509804, b: 0.05882353, a: 1}
  - {r: 0.39215687, g: 0.2509804, b: 0.05882353, a: 1}
  - {r: 0.39215687, g: 0.2509804, b: 0.05882353, a: 1}
  - {r: 0.39215687, g: 0.2509804, b: 0.05882353, a: 1}
  - {r: 0.39215687, g: 0.2509804, b: 0.05882353, a: 1}
  - {r: 0.39215687, g: 0.2509804, b: 0.05882353, a: 1}
  - {r: 0.39215687, g: 0.2509804, b: 0.05882353, a: 1}
  - {r: 0.39215687, g: 0.2509804, b: 0.05882353, a: 1}
  - {r: 0.39215687, g: 0.2509804, b: 0.05882353, a: 1}
  - {r: 0.39215687, g: 0.2509804, b: 0.05882353, a: 1}
  - {r: 0.39215687, g: 0.2509804, b: 0.05882353, a: 1}
  - {r: 0.39215687, g: 0.2509804, b: 0.05882353, a: 1}
  - {r: 0.39215687, g: 0.2509804, b: 0.05882353, a: 1}
  - {r: 0.39215687, g: 0.2509804, b: 0.05882353, a: 1}
  - {r: 0.39215687, g: 0.2509804, b: 0.05882353, a: 1}
  - {r: 0.39215687, g: 0.2509804, b: 0.05882353, a: 1}
  - {r: 0.39215687, g: 0.2509804, b: 0.05882353, a: 1}
  - {r: 0.39215687, g: 0.2509804, b: 0.05882353, a: 1}
  - {r: 0.39215687, g: 0.2509804, b: 0.05882353, a: 1}
  - {r: 0.39215687, g: 0.2509804, b: 0.05882353, a: 1}
  - {r: 0.39215687, g: 0.2509804, b: 0.05882353, a: 1}
  - {r: 0.39215687, g: 0.2509804, b: 0.05882353, a: 1}
  - {r: 0.39215687, g: 0.2509804, b: 0.05882353, a: 1}
  - {r: 0.39215687, g: 0.2509804, b: 0.05882353, a: 1}
  - {r: 0.39215687, g: 0.2509804, b: 0.05882353, a: 1}
  - {r: 0.39215687, g: 0.2509804, b: 0.05882353, a: 1}
  - {r: 0.39215687, g: 0.2509804, b: 0.05882353, a: 1}
  - {r: 0.39215687, g: 0.2509804, b: 0.05882353, a: 1}
  - {r: 0.39215687, g: 0.2509804, b: 0.05882353, a: 1}
  - {r: 0.39215687, g: 0.2509804, b: 0.05882353, a: 1}
  - {r: 0.39215687, g: 0.2509804, b: 0.05882353, a: 1}
  - {r: 0.39215687, g: 0.2509804, b: 0.05882353, a: 1}
  - {r: 0.39215687, g: 0.2509804, b: 0.05882353, a: 1}
  - {r: 0.39215687, g: 0.2509804, b: 0.05882353, a: 1}
  - {r: 0.39215687, g: 0.2509804, b: 0.05882353, a: 1}
  - {r: 0.39215687, g: 0.2509804, b: 0.05882353, a: 1}
  - {r: 0.39215687, g: 0.2509804, b: 0.05882353, a: 1}
  - {r: 0.39215687, g: 0.2509804, b: 0.05882353, a: 1}
  - {r: 0.39215687, g: 0.2509804, b: 0.05882353, a: 1}
  - {r: 0.39215687, g: 0.2509804, b: 0.05882353, a: 1}
  - {r: 0.39215687, g: 0.2509804, b: 0.05882353, a: 1}
  - {r: 0.39215687, g: 0.2509804, b: 0.05882353, a: 1}
  - {r: 0.39215687, g: 0.2509804, b: 0.05882353, a: 1}
  - {r: 0.39215687, g: 0.2509804, b: 0.05882353, a: 1}
  - {r: 0.39215687, g: 0.2509804, b: 0.05882353, a: 1}
  - {r: 0.39215687, g: 0.2509804, b: 0.05882353, a: 1}
  - {r: 0.39215687, g: 0.2509804, b: 0.05882353, a: 1}
  - {r: 0.39215687, g: 0.2509804, b: 0.05882353, a: 1}
  - {r: 0.39215687, g: 0.2509804, b: 0.05882353, a: 1}
  - {r: 0.39215687, g: 0.2509804, b: 0.05882353, a: 1}
  - {r: 0.39215687, g: 0.2509804, b: 0.05882353, a: 1}
  - {r: 0.39215687, g: 0.2509804, b: 0.05882353, a: 1}
  - {r: 0.39215687, g: 0.2509804, b: 0.05882353, a: 1}
  - {r: 0.39215687, g: 0.2509804, b: 0.05882353, a: 1}
  - {r: 0.39215687, g: 0.2509804, b: 0.05882353, a: 1}
  - {r: 0.39215687, g: 0.2509804, b: 0.05882353, a: 1}
  - {r: 0.39215687, g: 0.2509804, b: 0.05882353, a: 1}
  - {r: 0.39215687, g: 0.2509804, b: 0.05882353, a: 1}
  - {r: 0.39215687, g: 0.2509804, b: 0.05882353, a: 1}
  - {r: 0.39215687, g: 0.2509804, b: 0.05882353, a: 1}
  - {r: 0.39215687, g: 0.2509804, b: 0.05882353, a: 1}
  - {r: 0.39215687, g: 0.2509804, b: 0.05882353, a: 1}
  - {r: 0.39215687, g: 0.2509804, b: 0.05882353, a: 1}
  - {r: 0.39215687, g: 0.2509804, b: 0.05882353, a: 1}
  - {r: 0.39215687, g: 0.2509804, b: 0.05882353, a: 1}
  - {r: 0.39215687, g: 0.2509804, b: 0.05882353, a: 1}
  - {r: 0.39215687, g: 0.2509804, b: 0.05882353, a: 1}
  - {r: 0.39215687, g: 0.2509804, b: 0.05882353, a: 1}
  - {r: 0.39215687, g: 0.2509804, b: 0.05882353, a: 1}
  - {r: 0.39215687, g: 0.2509804, b: 0.05882353, a: 1}
  - {r: 0.39215687, g: 0.2509804, b: 0.05882353, a: 1}
  - {r: 0.39215687, g: 0.2509804, b: 0.05882353, a: 1}
  - {r: 0.39215687, g: 0.2509804, b: 0.05882353, a: 1}
  - {r: 0.39215687, g: 0.2509804, b: 0.05882353, a: 1}
  - {r: 0.39215687, g: 0.2509804, b: 0.05882353, a: 1}
  - {r: 0.39215687, g: 0.2509804, b: 0.05882353, a: 1}
  - {r: 0.39215687, g: 0.2509804, b: 0.05882353, a: 1}
  - {r: 0.39215687, g: 0.2509804, b: 0.05882353, a: 1}
  - {r: 0.39215687, g: 0.2509804, b: 0.05882353, a: 1}
  - {r: 0.39215687, g: 0.2509804, b: 0.05882353, a: 1}
  - {r: 0.39215687, g: 0.2509804, b: 0.05882353, a: 1}
  - {r: 0.6901961, g: 0.76862746, b: 0.87058824, a: 1}
  - {r: 0.6901961, g: 0.76862746, b: 0.87058824, a: 1}
  - {r: 0.6901961, g: 0.76862746, b: 0.87058824, a: 1}
  - {r: 0.6901961, g: 0.76862746, b: 0.87058824, a: 1}
  - {r: 0.6901961, g: 0.76862746, b: 0.87058824, a: 1}
  - {r: 0.6901961, g: 0.76862746, b: 0.87058824, a: 1}
  - {r: 0.6901961, g: 0.76862746, b: 0.87058824, a: 1}
  - {r: 0.6901961, g: 0.76862746, b: 0.87058824, a: 1}
  - {r: 0.6901961, g: 0.76862746, b: 0.87058824, a: 1}
  - {r: 0.6901961, g: 0.76862746, b: 0.87058824, a: 1}
  - {r: 0.6901961, g: 0.76862746, b: 0.87058824, a: 1}
  - {r: 0.6901961, g: 0.76862746, b: 0.87058824, a: 1}
  - {r: 0.6901961, g: 0.76862746, b: 0.87058824, a: 1}
  - {r: 0.6901961, g: 0.76862746, b: 0.87058824, a: 1}
  - {r: 0.6901961, g: 0.76862746, b: 0.87058824, a: 1}
  - {r: 0.6901961, g: 0.76862746, b: 0.87058824, a: 1}
  - {r: 0.6901961, g: 0.76862746, b: 0.87058824, a: 1}
  - {r: 0.6901961, g: 0.76862746, b: 0.87058824, a: 1}
  - {r: 0.6901961, g: 0.76862746, b: 0.87058824, a: 1}
  - {r: 0.6901961, g: 0.76862746, b: 0.87058824, a: 1}
  - {r: 0.6901961, g: 0.76862746, b: 0.87058824, a: 1}
  - {r: 0.6901961, g: 0.76862746, b: 0.87058824, a: 1}
  - {r: 0.6901961, g: 0.76862746, b: 0.87058824, a: 1}
  - {r: 0.6901961, g: 0.76862746, b: 0.87058824, a: 1}
  - {r: 0.6901961, g: 0.76862746, b: 0.87058824, a: 1}
  - {r: 0.6901961, g: 0.76862746, b: 0.87058824, a: 1}
  - {r: 0.6901961, g: 0.76862746, b: 0.87058824, a: 1}
  - {r: 0.6901961, g: 0.76862746, b: 0.87058824, a: 1}
  - {r: 0.6901961, g: 0.76862746, b: 0.87058824, a: 1}
  - {r: 0.6901961, g: 0.76862746, b: 0.87058824, a: 1}
  - {r: 0.6901961, g: 0.76862746, b: 0.87058824, a: 1}
  - {r: 0.6901961, g: 0.76862746, b: 0.87058824, a: 1}
  - {r: 0.6901961, g: 0.76862746, b: 0.87058824, a: 1}
  - {r: 0.6901961, g: 0.76862746, b: 0.87058824, a: 1}
  - {r: 0.6901961, g: 0.76862746, b: 0.87058824, a: 1}
  - {r: 0.6901961, g: 0.76862746, b: 0.87058824, a: 1}
  - {r: 0.6901961, g: 0.76862746, b: 0.87058824, a: 1}
  - {r: 0.6901961, g: 0.76862746, b: 0.87058824, a: 1}
  - {r: 0.6901961, g: 0.76862746, b: 0.87058824, a: 1}
  - {r: 0.6901961, g: 0.76862746, b: 0.87058824, a: 1}
  - {r: 0.6901961, g: 0.76862746, b: 0.87058824, a: 1}
  - {r: 0.6901961, g: 0.76862746, b: 0.87058824, a: 1}
  - {r: 0.6901961, g: 0.76862746, b: 0.87058824, a: 1}
  - {r: 0.6901961, g: 0.76862746, b: 0.87058824, a: 1}
  - {r: 0.6901961, g: 0.76862746, b: 0.87058824, a: 1}
  - {r: 0.6901961, g: 0.76862746, b: 0.87058824, a: 1}
  - {r: 0.6901961, g: 0.76862746, b: 0.87058824, a: 1}
  - {r: 0.6901961, g: 0.76862746, b: 0.87058824, a: 1}
  - {r: 0.6901961, g: 0.76862746, b: 0.87058824, a: 1}
  - {r: 0.6901961, g: 0.76862746, b: 0.87058824, a: 1}
  - {r: 0.6901961, g: 0.76862746, b: 0.87058824, a: 1}
  - {r: 0.6901961, g: 0.76862746, b: 0.87058824, a: 1}
  - {r: 0.6901961, g: 0.76862746, b: 0.87058824, a: 1}
  - {r: 0.6901961, g: 0.76862746, b: 0.87058824, a: 1}
  - {r: 0.6901961, g: 0.76862746, b: 0.87058824, a: 1}
  - {r: 0.6901961, g: 0.76862746, b: 0.87058824, a: 1}
  - {r: 0.6901961, g: 0.76862746, b: 0.87058824, a: 1}
  - {r: 0.6901961, g: 0.76862746, b: 0.87058824, a: 1}
  - {r: 0.6901961, g: 0.76862746, b: 0.87058824, a: 1}
  - {r: 0.6901961, g: 0.76862746, b: 0.87058824, a: 1}
  - {r: 0.6901961, g: 0.76862746, b: 0.87058824, a: 1}
  - {r: 0.6901961, g: 0.76862746, b: 0.87058824, a: 1}
  - {r: 0.6901961, g: 0.76862746, b: 0.87058824, a: 1}
  - {r: 0.6901961, g: 0.76862746, b: 0.87058824, a: 1}
  - {r: 0.39215687, g: 0.2509804, b: 0.05882353, a: 1}
  - {r: 0.39215687, g: 0.2509804, b: 0.05882353, a: 1}
  - {r: 0.39215687, g: 0.2509804, b: 0.05882353, a: 1}
  - {r: 0.6901961, g: 0.76862746, b: 0.87058824, a: 1}
  - {r: 0.6901961, g: 0.76862746, b: 0.87058824, a: 1}
  - {r: 0.6901961, g: 0.76862746, b: 0.87058824, a: 1}
  - {r: 0.39215687, g: 0.2509804, b: 0.05882353, a: 1}
  - {r: 0.39215687, g: 0.2509804, b: 0.05882353, a: 1}
  - {r: 0.39215687, g: 0.2509804, b: 0.05882353, a: 1}
  - {r: 0.6901961, g: 0.76862746, b: 0.87058824, a: 1}
  - {r: 0.6901961, g: 0.76862746, b: 0.87058824, a: 1}
  - {r: 0.6901961, g: 0.76862746, b: 0.87058824, a: 1}
  - {r: 0.39215687, g: 0.2509804, b: 0.05882353, a: 1}
  - {r: 0.39215687, g: 0.2509804, b: 0.05882353, a: 1}
  - {r: 0.39215687, g: 0.2509804, b: 0.05882353, a: 1}
  - {r: 0.6901961, g: 0.76862746, b: 0.87058824, a: 1}
  - {r: 0.6901961, g: 0.76862746, b: 0.87058824, a: 1}
  - {r: 0.6901961, g: 0.76862746, b: 0.87058824, a: 1}
  - {r: 0.39215687, g: 0.2509804, b: 0.05882353, a: 1}
  - {r: 0.39215687, g: 0.2509804, b: 0.05882353, a: 1}
  - {r: 0.39215687, g: 0.2509804, b: 0.05882353, a: 1}
  - {r: 0.6901961, g: 0.76862746, b: 0.87058824, a: 1}
  - {r: 0.6901961, g: 0.76862746, b: 0.87058824, a: 1}
  - {r: 0.6901961, g: 0.76862746, b: 0.87058824, a: 1}
  - {r: 0.39215687, g: 0.2509804, b: 0.05882353, a: 1}
  - {r: 0.39215687, g: 0.2509804, b: 0.05882353, a: 1}
  - {r: 0.39215687, g: 0.2509804, b: 0.05882353, a: 1}
  - {r: 0.6901961, g: 0.76862746, b: 0.87058824, a: 1}
  - {r: 0.6901961, g: 0.76862746, b: 0.87058824, a: 1}
  - {r: 0.6901961, g: 0.76862746, b: 0.87058824, a: 1}
  - {r: 0.39215687, g: 0.2509804, b: 0.05882353, a: 1}
  - {r: 0.39215687, g: 0.2509804, b: 0.05882353, a: 1}
  - {r: 0.39215687, g: 0.2509804, b: 0.05882353, a: 1}
  - {r: 0.6901961, g: 0.76862746, b: 0.87058824, a: 1}
  - {r: 0.6901961, g: 0.76862746, b: 0.87058824, a: 1}
  - {r: 0.6901961, g: 0.76862746, b: 0.87058824, a: 1}
  - {r: 0.39215687, g: 0.2509804, b: 0.05882353, a: 1}
  - {r: 0.39215687, g: 0.2509804, b: 0.05882353, a: 1}
  - {r: 0.39215687, g: 0.2509804, b: 0.05882353, a: 1}
  - {r: 0.6901961, g: 0.76862746, b: 0.87058824, a: 1}
  - {r: 0.6901961, g: 0.76862746, b: 0.87058824, a: 1}
  - {r: 0.6901961, g: 0.76862746, b: 0.87058824, a: 1}
  - {r: 0.39215687, g: 0.2509804, b: 0.05882353, a: 1}
  - {r: 0.39215687, g: 0.2509804, b: 0.05882353, a: 1}
  - {r: 0.39215687, g: 0.2509804, b: 0.05882353, a: 1}
  - {r: 0.6901961, g: 0.76862746, b: 0.87058824, a: 1}
  - {r: 0.6901961, g: 0.76862746, b: 0.87058824, a: 1}
  - {r: 0.6901961, g: 0.76862746, b: 0.87058824, a: 1}
  - {r: 0.39215687, g: 0.2509804, b: 0.05882353, a: 1}
  - {r: 0.39215687, g: 0.2509804, b: 0.05882353, a: 1}
  - {r: 0.39215687, g: 0.2509804, b: 0.05882353, a: 1}
  - {r: 0.6901961, g: 0.76862746, b: 0.87058824, a: 1}
  - {r: 0.6901961, g: 0.76862746, b: 0.87058824, a: 1}
  - {r: 0.6901961, g: 0.76862746, b: 0.87058824, a: 1}
  - {r: 0.39215687, g: 0.2509804, b: 0.05882353, a: 1}
  - {r: 0.39215687, g: 0.2509804, b: 0.05882353, a: 1}
  - {r: 0.39215687, g: 0.2509804, b: 0.05882353, a: 1}
  - {r: 0.6901961, g: 0.76862746, b: 0.87058824, a: 1}
  - {r: 0.6901961, g: 0.76862746, b: 0.87058824, a: 1}
  - {r: 0.6901961, g: 0.76862746, b: 0.87058824, a: 1}
  - {r: 0.39215687, g: 0.2509804, b: 0.05882353, a: 1}
  - {r: 0.39215687, g: 0.2509804, b: 0.05882353, a: 1}
  - {r: 0.39215687, g: 0.2509804, b: 0.05882353, a: 1}
  - {r: 0.6901961, g: 0.76862746, b: 0.87058824, a: 1}
  - {r: 0.6901961, g: 0.76862746, b: 0.87058824, a: 1}
  - {r: 0.6901961, g: 0.76862746, b: 0.87058824, a: 1}
  - {r: 0.39215687, g: 0.2509804, b: 0.05882353, a: 1}
  - {r: 0.39215687, g: 0.2509804, b: 0.05882353, a: 1}
  - {r: 0.39215687, g: 0.2509804, b: 0.05882353, a: 1}
  - {r: 0.6901961, g: 0.76862746, b: 0.87058824, a: 1}
  - {r: 0.6901961, g: 0.76862746, b: 0.87058824, a: 1}
  - {r: 0.6901961, g: 0.76862746, b: 0.87058824, a: 1}
  - {r: 0.39215687, g: 0.2509804, b: 0.05882353, a: 1}
  - {r: 0.39215687, g: 0.2509804, b: 0.05882353, a: 1}
  - {r: 0.39215687, g: 0.2509804, b: 0.05882353, a: 1}
  - {r: 0.6901961, g: 0.76862746, b: 0.87058824, a: 1}
  - {r: 0.6901961, g: 0.76862746, b: 0.87058824, a: 1}
  - {r: 0.6901961, g: 0.76862746, b: 0.87058824, a: 1}
  - {r: 0.39215687, g: 0.2509804, b: 0.05882353, a: 1}
  - {r: 0.39215687, g: 0.2509804, b: 0.05882353, a: 1}
  - {r: 0.39215687, g: 0.2509804, b: 0.05882353, a: 1}
  - {r: 0.6901961, g: 0.76862746, b: 0.87058824, a: 1}
  - {r: 0.6901961, g: 0.76862746, b: 0.87058824, a: 1}
  - {r: 0.6901961, g: 0.76862746, b: 0.87058824, a: 1}
  - {r: 0.39215687, g: 0.2509804, b: 0.05882353, a: 1}
  - {r: 0.39215687, g: 0.2509804, b: 0.05882353, a: 1}
  - {r: 0.39215687, g: 0.2509804, b: 0.05882353, a: 1}
  - {r: 0.6901961, g: 0.76862746, b: 0.87058824, a: 1}
  - {r: 0.6901961, g: 0.76862746, b: 0.87058824, a: 1}
  - {r: 0.6901961, g: 0.76862746, b: 0.87058824, a: 1}
  - {r: 0.39215687, g: 0.2509804, b: 0.05882353, a: 1}
  - {r: 0.39215687, g: 0.2509804, b: 0.05882353, a: 1}
  - {r: 0.39215687, g: 0.2509804, b: 0.05882353, a: 1}
  - {r: 0.6901961, g: 0.76862746, b: 0.87058824, a: 1}
  - {r: 0.6901961, g: 0.76862746, b: 0.87058824, a: 1}
  - {r: 0.6901961, g: 0.76862746, b: 0.87058824, a: 1}
  m_UnwrapParameters:
    m_HardAngle: 88
    m_PackMargin: 20
    m_AngleError: 8
    m_AreaError: 15
  m_PreserveMeshAssetOnDestroy: 0
  assetGuid: 
  m_IsSelectable: 1
  m_SelectedFaces: 
  m_SelectedEdges: []
  m_SelectedVertices: 
--- !u!64 &73588984947359085
MeshCollider:
  m_ObjectHideFlags: 0
  m_CorrespondingSourceObject: {fileID: 0}
  m_PrefabInstance: {fileID: 0}
  m_PrefabAsset: {fileID: 0}
  m_GameObject: {fileID: 7675104146801076131}
  m_Material: {fileID: 0}
  m_IsTrigger: 0
  m_Enabled: 1
  serializedVersion: 4
  m_Convex: 0
  m_CookingOptions: 30
  m_Mesh: {fileID: 0}
